2754 4818
758 451 777 512 4

282 681 429 749 mandare
470 680 597 748 interim
626 677 764 746 Concilio
791 677 915 758 Status,
949 676 1098 743 Bruxellis
1127 677 1248 746 eonsti-

284 832 350 886 tuto
374 820 435 908 (2).

330 956 404 1022 Erat
424 967 527 1020 autem
548 952 720 1021 Concilium
739 950 842 1019 Status
861 949 900 1016 ad
919 972 966 1016 res
986 963 1062 1016 tnnc
1083 951 1248 1040 temporis,

282 1115 362 1183 quae
378 1103 535 1182 promtum
553 1112 645 1157 manu
662 1102 692 1155 et
702 1089 829 1155 consilio
847 1088 946 1154 virum
964 1087 1104 1179 inprimis
1113 1089 1255 1178 require·

281 1230 379 1310 bant,
403 1226 550 1319 gerendas
568 1226 697 1293 minime
715 1239 822 1316 aptum
840 1238 872 1291 et
891 1223 1048 1294 idoneum.
1086 1222 1253 1291 Constabat

281 1365 359 1433 illud
379 1364 549 1456 Collegium
565 1387 601 1429 ea
618 1376 798 1453 tempestate
812 1362 957 1452 Philippo
979 1364 1068 1430 Duce
1088 1361 1256 1430 Aarschot-

283 1516 378 1582 tano,
402 1501 546 1591 Philippo
573 1499 670 1591 gentis
700 1497 817 1588 Groyae
843 1513 961 1589 caprte,
985 1499 1113 1566 Ernesto
1133 1499 1257 1568 Gemite

247 1731 250 1736 Ι
283 1637 492 1717 Mansfeltiae,
523 1633 633 1702 Carolo
663 1634 783 1702 Gemite
811 1635 1054 1703 Barlaemontiae
1066 1687 1077 1719 ,
1111 1637 1259 1704 Maximi·

280 1777 363 1842 liano
395 1775 514 1840 Barone
536 1771 576 1839 de
600 1772 824 1863 Rassengbien,
843 1773 945 1864 Viglio
960 1773 1139 1841 Znichemio
1156 1776 1257 1842 Prae-
1372 1787 1375 1868 J

281 1910 358 1992 side,
371 1907 507 1977 irnoldo
519 1908 662 1988 Sasbout,
675 1908 819 1976 Praeside
829 1909 960 1978 Concilii
970 1911 1094 2000 privati,
1112 1909 1257 1979 Christo-

281 2047 381 2139 phoro
421 2046 620 2126 Assonrillio,
658 2059 691 2112 et
722 2045 902 2113 Hieronimo
932 2046 971 2112 de
999 2047 1108 2128 Roda,
1142 2049 1257 2140 Hispa·

279 2209 319 2252 no
344 2185 405 2272 (3).

327 2321 426 2408 Quam
452 2344 545 2412 parra
567 2335 598 2389 et
615 2320 727 2388 debilis
747 2334 824 2389 esset
844 2320 975 2389 concilii
994 2321 1097 2390 Status
1116 2322 1248 2388 auctori-

282 2472 349 2541 tas,
380 2482 451 2525 mox
479 2459 591 2550 patuit.
643 2461 767 2526 Aestate
787 2460 858 2525 anni
877 2458 1014 2550 ejusdem
1036 2463 1121 2526 1576
1138 2459 1257 2527 milites

281 2595 434 2685 Hispani,
467 2594 580 2684 quibus
600 2595 688 2662 solita
707 2595 860 2686 stipendia
879 2596 989 2687 viginti
1009 2595 1141 2663 duorum
1159 2617 1256 2661 men-

281 2733 362 2800 sium
393 2731 604 2813 debebantur,
636 2755 741 2798 morae
770 2756 832 2799 non
854 2734 984 2824 amplius
1002 2735 1174 2824 patientes,
1191 2743 1258 2800 'ne-

283 2893 344 2960 que
363 2871 453 2936 nnius
471 2869 558 2936 ducis
577 2869 710 2959 imperio
724 2870 898 2951 constricti,
922 2872 955 2936 in
970 2869 1149 2952 Zeelandiai,
1172 2871 1258 2936 Bra-

284 3008 408 3088 banfii,
432 3007 576 3074 Flandria
595 3021 627 3074 et
644 3008 677 3072 in
697 3007 866 3074 Provinciis
884 3007 1068 3075 Wallonicis
1087 3009 1168 3099 leges
1188 3007 1260 3075 dis-

280 3145 413 3234 ciplinae
436 3144 577 3209 militaris
600 3145 757 3232 aspernari
779 3158 957 3232 coeperunt.

329 3280 414 3364 Quae
439 3301 487 3344 res
514 3301 584 3344 mor
612 3278 644 3343 in
669 3279 842 3370 generalem
868 3281 1004 3348 furorem
1023 3281 1132 3349 exarsit
1151 3279 1260 3348 homi·

285 3438 360 3482 num
397 3429 602 3514 armatorum,
639 3417 754 3483 civium
783 3419 947 3486 inermium
966 3419 1055 3487 caedi
1074 3443 1111 3488 ao
1130 3421 1261 3512 rapinae

300 3719 625 3733 *κιαι-α.-

312 3940 353 4006 (2)
371 3940 438 3998 lion,
457 3940 476 3988 l.
495 3941 513 3989 l.
533 3942 559 3990 1..
579 3941 641 3991 v111
660 3941 678 3993 s.
701 3941 750 3991 134
766 3943 795 3992 Β.
815 3943 834 3994 s.
856 3942 904 3992 135
922 3944 952 3993 Λ.

311 4031 350 4097 (3)
368 4030 404 4078 Dr
423 4043 515 4090 rastra,
537 4031 776 4083 Commentariorum
794 4033 820 4084 t.
841 4034 880 4082 ΙΙΙ
901 4036 912 4098 ς
930 4035 955 4082 2.
976 4051 1000 4098 p.
1020 4033 1070 4084 200
1088 4034 1155 4082 Coos
1167 4048 1191 4082 v.
1210 4047 1268 4082 n-

375 4132 465 4181 amn,
486 4121 512 4170 I..
533 4121 554 4172 V
572 4138 597 4187 p.
619 4122 677 4171 114.
