2754 4818
773 435 814 516 re

309 696 449 764 tentant,
474 705 553 774 quae
572 685 603 749 in
623 681 792 749 Provinciis
804 690 988 770 perpetrata
1009 690 1100 756 sunt,
1126 676 1293 743 obtestan-

309 833 356 888 tes
398 820 551 912 quidquid
581 831 799 899 actumesset‚
824 839 855 884 se
875 815 915 882 ad
934 814 968 882 id
985 829 1105 882 coaetos
1124 815 1220 882 finisse
1240 817 1289 882 sui

307 959 496 1026 defensionis
520 960 626 1038 ceusd,
650 970 681 1024 et
701 969 735 1023 ut
754 978 862 1047 pacem
880 953 1126 1046 redintegrarent
1143 975 1216 1019 cum
1235 955 1288 1021 vi-

307 1097 406 1177 cinis,
437 1117 532 1186 quum
558 1096 692 1160 multum
710 1092 832 1159 differre
851 1093 1072 1159 arbitrarentur
1091 1092 1211 1158 bonum
1230 1115 1287 1158 ra-

306 1235 438 1314 snllum,
466 1231 592 1298 domino
619 1255 674 1298 suo
692 1229 910 1310 obedientem,
929 1253 949 1295 a
965 1252 1050 1298 scrro
1067 1252 1124 1320 per
1143 1231 1286 1320 quemvis

308 1371 480 1464 Hispanum
509 1369 691 1461 gravissimis
717 1371 837 1459 injuriis
864 1367 1042 1439 afficiendo.
1099 1367 1288 1458 Supplicant

308 1509 404 1602 igitur
422 1509 591 1598 Reginam,
615 1521 650 1575 nt
668 1508 846 1599 opinionem
862 1529 933 1599 erga
948 1504 1123 1580 Provincias
1137 1529 1202 1574 non
1215 1529 1289 1573 mu·

307 1658 354 1712 tet
394 1667 494 1734 neque
528 1646 684 1736 patiatur,
717 1647 893 1714 Provincias
921 1645 1035 1710 dsmno
1064 1643 1167 1724 affici,
1201 1643 1288 1734 quod

308 1803 427 1848 summo
456 1781 641 1850 detrimento
668 1783 748 1850 foret
776 1784 871 1874 ipsius
898 1771 1048 1862 subditis,
1078 1794 1287 1849 mercaturam

305 1921 530 1990 exercentibus.

357 2060 475 2150 Regina
490 2058 637 2150 gandium
652 2081 742 2128 suum
759 2059 923 2151 expressit,
948 2059 1094 2148 quoniam
1109 2055 1287 2147 perciperet

307 2196 440 2266 Ordines
472 2211 553 2266 ratos
580 2221 642 2264 non
670 2219 734 2264 esse
759 2222 777 2264 a
806 2196 931 2265 domino
960 2197 1100 2288 legitimo
1128 2195 1285 2276 deficere3

305 2355 403 2423 qnare
428 2331 587 2423 respondit
604 2348 742 2424 paratam
761 2357 792 2400 se
811 2357 897 2416 esse,
920 2333 1032 2402 horum
1050 2347 1121 2404 rota
1140 2333 1283 2423 explere,

301 2482 398 2559 atgrm
424 2493 443 2534 n
469 2471 553 2559 Rege
571 2470 718 2562 Philippo
739 2471 879 2562 erigere,
904 2486 938 2540 nt
956 2495 1060 2544 rerum
1078 2470 1232 2540 restitutio
1251 2470 1286 2536 in

303 2607 462 2698 integrum
484 2621 578 2700 atquc
601 2608 641 2675 ad
662 2623 776 2678 statum
799 2611 965 2702 pristinum
987 2611 1087 2680 fieret.
1113 2610 1196 2699 (19).

348 2747 421 2814 Post
439 2745 577 2813 reditum
598 2747 752 2816 0rdinum
769 2749 946 2830 Namurco,
969 2750 1004 2816 in
1020 2748 1116 2816 dnbio
1130 2748 1215 2817 exitu
1230 2745 1284 2812 de-

303 2885 523 2952 liberationum
538 2885 933 2969 oumtoennetustriau,
956 2889 1073 2978 legatus
1083 2885 1202 2976 Anglus
1213 2907 1284 2964 con·

299 3023 451 3090 cilintoris
468 3046 598 3092 munere
616 3047 652 3091 er
670 3025 771 3093 officio
790 3026 912 3092 functus
933 3037 1025 3094 estet
1043 3025 1125 3092 inter
1134 3024 1195 3093 elia
1205 3045 1285 3091 con*

303 3160 434 3250 gregatis
454 3158 622 3228 Ordinibus
641 3161 807 3229 declararit
828 3163 917 3252 (20);
940 3163 967 3230 si
983 3163 1118 3230 Joannes
1135 3160 1282 3228 dustria-

303 3313 357 3358 cus
385 3296 559 3384 peregrinas
578 3299 681 3388 copias
701 3298 833 3366 educere
861 3300 977 3382 nollet,
1002 3323 1033 3367 se
1053 3300 1127 3391 ipsis
1145 3299 1283 3389 Reginae

299 3432 412 3498 auxilia
440 3436 621 3524 promittere
638 3459 736 3527 posse.
785 3437 836 3505 Sa
851 3439 998 3529 Majeste'
1016 3463 1094 3506 cera
1112 3439 1279 3528 tousjouro

293 3579 413 3662 preste
439 3573 479 3640 de
508 3595 679 3641 conserver
698 3577 734 3642 la
753 3579 870 3644 liberte'
889 3578 931 3646 de
948 3578 997 3645 les
1014 3577 1122 3644 letan
1140 3585 1173 3642 et
1190 3577 1280 3642 leurs

303 3821 658 3832 ——a—-ffl-u-——m

313 3975 370 4042 (19)
389 3973 529 4024 Beolur'ten
547 3989 571 4023 a.
594 3974 621 4026 d.
642 3971 681 4022 St.
706 3971 772 4021 Gan.
792 3969 814 4020 1.
831 3985 857 4034 p.
878 3969 948 4032 284,
967 3969 1027 4022 285.

314 4068 371 4133 (20)
389 4065 450 4114 rto.
477 4066 502 4118 d.
532 4063 549 4116 7
573 4065 631 4115 Jnn.
653 4061 719 4114 1577
736 4063 762 4112 in
783 4061 854 4114 Beal.
874 4078 898 4115 n.
925 4065 951 4112 d.
973 4062 1012 4112 St.
1039 4063 1106 4112 Geni
1125 4063 1156 4114 D.
1177 4063 1203 4111 11
1222 4079 1246 4128 p.
1268 4061 1285 4110 4

393 4171 425 4205 en
443 4155 502 4206 422.
