2762 4814
724 410 786 470 112

315 638 431 708 Eodem
451 638 579 706 consilio
597 637 678 704 lacta
696 647 758 718 est,
782 638 815 703 iu
834 649 985 705 conventu
1004 636 1154 708 Ordinum
1173 643 1243 712 Ge-

269 775 380 845 rnliun'r
408 775 597 867 Antrerpiae
624 774 656 845 d.
686 779 726 842 12
753 775 831 843 Julii
854 778 939 844 1578
958 775 1146 861 delineatio,
1165 804 1244 871 quse

267 915 394 1006 singulis
410 913 580 982 Provinciis
597 925 840 1004 proponeretur,
862 915 947 1005 pacis
962 912 1000 980 de
1017 915 1167 1008 religione
1177 920 1247 986 uni-

266 1051 408 1132 uersalis,
432 1051 557 1119 interim
575 1051 827 1133 constituendae,
851 1052 899 1119 his
918 1053 1071 1143 capitibus
1081 1055 1190 1145 (122).

315 1194 359 1259 1⁰.
382 1190 431 1258 Ne
459 1187 499 1256 de
524 1189 692 1280 religione,
718 1213 797 1280 qnare
815 1189 908 1256 armis
934 1213 1036 1282 neque
1054 1195 1248 1275 conservari,

268 1351 327 1396 noo
363 1327 535 1408 introduci,
569 1349 670 1418 neque
698 1326 833 1418 opprimi
861 1327 978 1417 possit,
1006 1328 1069 1394 ullo
1097 1330 1246 1400 dissensio

268 1466 406 1546 orietur,
435 1464 664 1556 unusquisque,
688 1463 902 1556 'cujuscunque
927 1467 966 1533 sit
984 1466 1161 1557 religionis,
1184 1471 1248 1537 sire

268 1589 512 1682 ecdlesiasticus,
540 1602 604 1668 sive
626 1601 745 1683 laicus,
773 1600 870 1668 libere
897 1611 967 1692 agat
995 1604 1161 1696 vivatque,
1191 1631 1247 1675 sua

266 1743 327 1810 sibi
346 1741 495 1832 religione
513 1753 611 1807 utem.

313 1885 360 1952 2⁰.
383 1880 428 1948 tu
454 1879 487 1944 iu
514 1877 589 1944 loeis
615 1875 798 1943 Hollandine
825 1877 931 1943 aliisve
958 1878 1068 1970 religio
1087 1881 1248 1951 Romeuo-

268 2016 450 2098 Catholioo,
479 2038 497 2081 n
521 2013 635 2105 quibus
661 2036 743 2079 nunc
769 2029 815 2080 est
839 2015 980 2096 exclusa,
1004 2015 1191 2088 instauretur
1208 2045 1248 2088 ea

267 2153 444 2223 conditione
462 2165 497 2219 ut
514 2152 562 2218 ibi
579 2151 685 2242 quiete
703 2163 735 2218 et
753 2151 818 2218 sine
832 2123 974 2221 molestia
988 2156 1121 2222 exerceri
1130 2159 1223 2247 'quent
1231 2209 1243 2241 ,

266 2289 436 2358 dummodo
465 2291 498 2354 iu
526 2311 587 2354 una
615 2289 760 2368 civitate,
789 2311 935 2356 numerus
952 2313 1076 2387 eorum,
1099 2296 1154 2384 qni
1169 2295 1245 2365 hnic

264 2427 406 2519 religioni
424 2424 523 2492 dediti
542 2437 612 2492 sunt
630 2427 729 2514 major
747 2447 840 2515 mam
858 2429 1048 2498 centenarius
1067 2432 1117 2502 sit.

309 2570 358 2638 3⁰.
381 2561 517 2630 medem
534 2562 726 2630 conditiones
736 2563 932 2632 Reformatae
942 2567 1085 2657 religioni
1095 2570 1244 2638 tribuun-

264 2717 336 2786 tur,
357 2703 389 2769 in
408 2701 485 2769 locis
503 2700 564 2782 iis,
583 2701 639 2768 ubi
658 2699 818 2769 catholica
836 2702 1023 2775 dominetur.

310 2845 356 2910 4⁰.
381 2837 463 2907 (lura
491 2840 684 2929 magistratus
710 2840 860 2930 cujusque
885 2842 1039 2924 civitatis,
1056 2843 1123 2910 loca
1140 2845 1243 2938 desig-

261 2980 418 3048 nabuutur
443 2976 482 3044 ad
509 2975 688 3046 exercitium
706 2977 862 3068 religionis
880 2977 1011 3063 idonea,
1032 3004 1068 3048 ea
1095 2983 1183 3074 lege,
1206 2999 1244 3053 ut

264 3115 432 3185 Catholicis
458 3115 570 3184 dentur
599 3115 728 3198 sacella,
752 3117 801 3184 rel
822 3116 889 3185 loca
908 3119 964 3185 ubi
982 3118 1149 3210 aliquando
1167 3124 1240 3191 talin

262 3254 455 3336 exstiterint;
481 3253 667 3346 Reformatis
686 3268 789 3321 autern
807 3255 875 3323 loca
893 3257 933 3324 eb
954 3258 1091 3328 ecclesiis
1098 3257 1243 3330 cameli·

262 3388 307 3456 cis
327 3387 493 3468 distantia,
516 3388 555 3452 ad
574 3389 753 3457 auertendas
769 3393 859 3461 rixas.

310 3535 355 3597 5⁰.
379 3525 417 3594 ln
433 3523 482 3593 his
498 3525 574 3593 locis
592 3527 760 3618 uuicuique
780 3529 888 3598 licebit
906 3554 995 3598 suum
1012 3535 1130 3602 cultum
1148 3557 1239 3602 exer.

262 3689 350 3747 oere,
375 3687 541 3756 omnesque
559 3665 636 3733 ritus
653 3665 713 3733 sibi
732 3664 872 3758 proprios
890 3669 1058 3742 celebrare.

272 3921 583 3934 ——u-——nn-

170 4078 178 4092 ’
246 4139 251 4147 ,
272 4093 347 4158 (122)
364 4092 450 4142 'lrsm
469 4093 740 4156 Commentariorum,
761 4097 787 4146 1..
807 4096 850 4147 1v.
870 4114 895 4163 p.
913 4099 973 4152 310.
