2754 4818
589 425 609 487 3

114 661 180 726 ciae
198 679 270 726 eum
290 657 436 746 reliquis,
447 678 521 746 quas
539 654 676 722 tibanus
691 675 726 720 ac
741 652 853 720 deinde
864 656 1087 745 Requesentius
1191 721 1194 730 ,

4 795 27 831 .-
113 797 207 863 armis
226 795 400 885 Hispanicis
420 805 582 882 occupatas
597 793 761 872 tenebant,
782 791 921 858 eamdem
937 805 1087 882 perpetuo

4 931 15 970 ἱ
116 955 240 1000 causam
265 951 460 998 communem
483 928 598 997 babere
616 943 793 1020 pergerent.
838 929 877 994 In
896 931 956 996 und
975 930 1088 996 solum-

21 1107 30 1115 ·
115 1067 209 1136 modo
227 1090 261 1134 re
284 1066 414 1136 Ordines
435 1063 636 1146 Hellandiae,
668 1079 832 1157 postquam
853 1064 1088 1134 deliberationes

115 1204 274 1274 Bredanae
302 1204 407 1272 irritae
436 1217 610 1285 euaserant,
641 1203 761 1294 longius
790 1201 1089 1294 progrediebantur,

8 1353 28 1393 Ε
116 1364 211 1432 quam
238 1342 278 1408 ab
308 1340 480 1410 Ordinibus
502 1341 703 1410 Generalibus
722 1340 838 1407 factum
858 1339 975 1409 fuisset.
1023 1339 1092 1408 Sci.

4 1493 25 1531 ἐ
114 1479 188 1546 licet
217 1461 349 1547 Ordines
378 1477 581 1560 Hellandiae‚
613 1490 726 1544 aestate
744 1477 817 1542 anni
838 1479 941 1558 1575,
966 1499 1091 1567 suspen·

4 1632 20 1670 t·
116 1613 234 1682 debant
258 1615 440 1682 exercitium
457 1614 612 1704 religionis
633 1611 981 1683 Romano-Catholicae.
1029 1614 1091 1680 Ve-

116 1775 189 1819 rum
208 1753 347 1820 contenti
367 1752 455 1819 illum
475 1752 593 1818 cultum
613 1749 819 1839 suspendisse,
844 1771 915 1815 eum
934 1774 996 1817 non
1014 1749 1092 1819 adeo

4 1910 22 1949 z
117 1891 330 1980 abrogarunt;
378 1890 475 1956 multa
502 1890 570 1955 loca
597 1887 780 1956 llollandiae
803 1900 835 1954 et
861 1886 1041 1954 Zeelandioe
1065 1888 1095 1954 ei

4 2051 19 2089 ε
118 2025 245 2094 decreto
262 2049 324 2093 non
340 2024 609 2108 adsentiebantur3
635 2027 826 2116 repugnabat
841 2027 936 2092 etiam
951 2026 1098 2114 Princeps

4 2191 18 2230 .-
120 2161 320 2231 Arausiacus:
355 2175 387 2230 et
411 2164 459 2230 tel
476 2162 516 2229 de
537 2161 598 2230 hoc
616 2174 796 2252 argumento
813 2160 996 2229 ridebantur
1015 2161 1096 2228 Hol-

12 2329 18 2367 :
120 2299 241 2368 landiae
269 2299 402 2402 Ordines
430 2323 502 2366 cum
530 2299 699 2368 Ordinibus
728 2298 948 2381 Generalibus,
973 2298 1096 2366 delibe—
1141 2392 1143 2397 Ι

121 2436 236 2518 raudo,
261 2438 294 2503 in
317 2435 514 2504 concordiam
535 2435 636 2526 redigi
658 2458 756 2526 posse.

164 2574 204 2640 ln
236 2574 366 2664 reliquis
400 2574 569 2642 Provinciis
604 2573 714 2640 eadem
742 2573 870 2641 aderant
901 2573 1096 2686 agebantque

120 2711 342 2791 incitamenta,
364 2733 444 2800 quae
461 2709 659 2778 Hollandiam
682 2724 714 2777 et
739 2709 935 2778 Zeelandianr
953 2709 994 2776 ad
1012 2733 1097 2776 arma

123 2847 347 2936 compulerant.
402 2844 516 2913 Omnes
542 2845 725 2912 Provinciae
754 2845 794 2911 ad
823 2845 946 2911 easdem
972 2845 1097 2912 omnino

122 2996 156 3050 et
183 3005 360 3059 communes
385 2983 518 3049 rationes
535 2981 684 3048 ineundas
707 2995 794 3048 erant
812 3003 1015 3048 concursurae
1026 3031 1037 3063 ,
1056 2982 1098 3048 si·

123 3121 283 3210 mulatque
320 3132 501 3210 praepotens
537 3121 582 3188 ris
620 3119 746 3210 imperii
782 3119 924 3188 militaris
947 3119 1097 3222 llispani-

4 3247 6 3250 ’
124 3258 175 3337 ei,
200 3255 284 3346 quod
302 3279 426 3350 omnem
443 3270 563 3326 motum
581 3257 848 3349 mutationemque
872 3280 977 3323 rerum
995 3257 1097 3324 adhue

4 3409 8 3438 ³
124 3392 335 3477 cohiibuerat,
360 3395 553 3485 aliquantum
571 3393 820 3464 labefactaretur.
842 3395 939 3485 tuqui
956 3394 1016 3462 hoc
1030 3407 1100 3485 post

4 3593 5 3622 3
125 3531 325 3620 Requesentii
345 3532 465 3599 obitum
488 3530 613 3601 accidit.

170 3669 252 3749 Rex,
293 3666 333 3734 de
365 3682 465 3735 morte
491 3669 690 3758 Requesentii
720 3670 832 3736 certior
859 3670 980 3748 faetus,
1012 3669 1096 3737 litte·

126 3800 169 3870 ris
183 3802 252 3869 die
276 3809 319 3870 24
347 3804 452 3872 Martii
472 3804 544 3869 anni
572 3803 776 3885 mactatis,
801 3803 971 3872 Ordinibus
991 3803 1097 3872 Gene-

126 3939 261 4021 ralibus,
298 3953 330 4006 et
365 3921 533 4008 Ordinibus
568 3939 730 4031 Ouriisque
759 3941 945 4030 singularum
971 3944 1100 4009 Prouin-

127 4078 245 4142 ciarum
279 4078 421 4158 nuntiat,
454 4100 485 4146 se
511 4078 771 4147 Gubernationem
799 4079 980 4148 Generalem
1002 4079 1100 4166 Belgii

927 4221 942 4281 l
957 4217 973 4250 4
