2754 4818
755 481 794 543 10

282 711 382 802 recipi
401 723 567 802 potuerunt
587 716 617 774 in
637 722 761 776 coctum
779 707 931 776 Ordinum
942 709 1141 802 Generalium
1153 711 1265 781 die12

279 849 350 918 Oct.
373 849 457 938 (14),
475 849 648 938 horumque
666 845 858 927 mandatum,
876 848 1123 938 comprobatum,
1146 851 1265 917 eodem

278 987 331 1054 die
357 986 399 1054 ad
426 987 540 1078 legatos
563 986 793 1066 Provinciarnm
816 985 1007 1065 Insularum,
1033 987 1157 1076 (Libet,
1181 989 1258 1056 llu-

274 1127 322 1192 aci
347 1123 472 1213 (Donni)
486 1109 502 1205 ,
520 1135 551 1190 et
570 1121 715 1190 Orchiaci
734 1121 910 1214 (Orchies),
935 1125 1074 1215 exemplo
1091 1125 1260 1192 remissum

278 1277 340 1344 est,
373 1284 411 1330 eo
442 1283 514 1328 cum
542 1261 671 1341 effectu,
706 1274 740 1327 ut
769 1259 826 1328 hes
851 1260 919 1352 pari
939 1241 1103 1343 mandato,
1134 1261 1262 1330 duobus

278 1399 387 1467 diebus
410 1412 532 1489 postea,
556 1411 695 1490 receptos
712 1396 884 1470 rideamus.

323 1539 383 1606 Die
414 1539 454 1604 19
481 1535 552 1636 Oct.
579 1537 672 1628 legati
697 1535 865 1625 Trajectini
886 1559 918 1603 se
939 1538 1168 1628 congregationi
1191 1538 1257 1605 ob-

278 1675 435 1756 tuleruut;
460 1672 512 1740 sed
535 1695 645 1764 quum
668 1697 705 1740 er
726 1673 872 1744 mandato
891 1676 966 1765 ipsis
985 1673 1108 1756 deleto,
1131 1675 1262 1744 delibe-

277 1834 345 1879 rare
363 1824 485 1878 tantum
504 1824 647 1901 possent,
670 1815 788 1901 recepti
800 1824 873 1880 sunt
886 1810 1032 1902 quidem,
1055 1811 1266 1904 sedpermis-

234 2031 240 2036 .
277 1942 338 2018 sas'
361 1950 478 2017 litteras
516 1950 556 2016 ab
596 1948 764 2018 Ordinibus
792 1949 971 2016 Provinciae
1006 1963 1112 2041 petere
1137 1951 1264 2031 coacti,

280 2101 313 2156 nt
352 2089 449 2155 libera
485 2086 596 2178 agendi
627 2101 761 2178 potestas
798 2087 870 2178 ipsis
904 2085 1040 2169 (loreum,
1081 2089 1198 2179 quippe
1225 2089 1265 2154 in

277 2228 340 2316 qui
375 2247 467 2292 omne
503 2225 786 2318 congregandorum
823 2225 976 2295 Ordinum
1008 2226 1168 2293 consilium
1196 2249 1265 2317 po·

278 2364 373 2431 situm
416 2377 494 2430 esset
529 2363 612 2451 (15).
678 2360 839 2431 Provincia
868 2363 1006 2445 lutecia,
1045 2387 1140 2456 mum
1174 2366 1262 2456 lega·

279 2515 327 2568 tos
361 2500 507 2581 misisset,
541 2499 693 2568 mandatis
721 2502 885 2570 instructos
911 2501 1064 2570 Ordinem
1094 2503 1263 2570 Generali·
1333 2485 1336 2492 ¹

278 2645 333 2688 um
369 2623 520 2713 postulata
546 2621 794 2703 continentibus,
827 2623 860 2689 in
888 2636 1011 2694 coetum
1037 2623 1137 2714 recipi
1153 2621 1258 2715 ‚digna

270 2758 412 2851 judicata
427 2774 489 2841 est,
514 2759 546 2830 d.
567 2765 610 2828 30
628 2760 782 2831 Octobris.

324 2901 419 2968 Porro
446 2901 615 2968 Provinciis
641 2901 697 2981 iis,
732 2923 811 2990 quae
838 2923 871 2968 se
900 2899 1038 2968 nondum
1062 2900 1102 2969 ad
1125 2898 1260 2970 Ordines

275 3037 441 3106 Generales
476 3038 687 3119 contulerant,
728 3038 845 3104 litteras
887 3038 1095 3129 inquisitorias
1128 3038 1258 3106 mittere

280 3185 416 3240 statuunt
427 3222 438 3254 ,
460 3186 496 3239 ut
522 3175 748 3263 comperiatur,
773 3197 925 3264 quaenam
944 3174 1097 3243 Ordinum
1117 3177 1261 3245 Genera-

278 3310 356 3376 lium
380 3331 501 3376 causam
524 3311 669 3401 amplecti
691 3312 786 3379 velint
810 3313 894 3402 (16).

327 3448 507 3514 Provinciae
526 3449 660 3531 Gelriee,
680 3451 812 3540 quicum
825 3451 892 3540 jam
909 3448 981 3516 inde
997 3449 1076 3516 adie
1086 3455 1106 3516 9
1118 3449 1189 3518 Oct.
1202 3447 1260 3514 de-

289 3730 348 3797 (tt)
365 3730 427 3780 lies.
447 3729 512 3780 ddi
537 3729 593 3780 Oct.
610 3730 667 3780 loeo
683 3732 763 3780 eitnto
777 3729 814 3782 bl.
828 3731 873 3783 ³9.
891 3731 926 3780 el.
945 3731 1120 3782 Commim'on
1133 3744 1208 3796 pour
1225 3729 1266 3778 les

370 3821 490 3887 Depone
511 3823 543 3871 de
560 3820 682 3882 Numer,
701 3820 763 3873 ibid.
782 3838 810 3887 p.
829 3819 889 3870 242.

289 3912 349 3980 (to)
367 3915 428 3962 ne..
443 3895 472 3964 a.
492 3914 527 3964 so
547 3911 604 3964 oss.
627 3912 698 3963 naar.
720 3913 768 3963 or
788 3911 1026 3962 eratanostrae.
1050 3911 1063 3958 1
1080 3911 1116 3961 or.
1128 3910 1172 3959 et.
1208 3910 1264 3960 aa·

369 4002 444 4053 datur
461 4004 598 4065 Budare,
621 4004 819 4068 cnutsmam
838 4001 951 4052 stetten
967 4002 997 4052 tt.
1015 4001 1029 4048 I
1047 4000 1084 4050 bl.
1100 4001 1135 4048 35
1153 3999 1198 4050 ubi
1217 4017 1262 4052 re-

369 4095 422 4146 tata
439 4099 520 4146 exstat
539 4096 661 4161 epistola,
681 4094 817 4146 Ordinibue
836 4083 985 4143 Procibeiee
1003 4092 1086 4141 misen.

288 4186 348 4252 (16)
365 4186 426 4236 tter.
447 4187 473 4239 d.
493 4185 592 4240 3Nco.
616 4185 686 4238 Beni.
706 4187 753 4235 der
772 4183 867 4235 Stetere
890 4183 964 4235 θεον.
985 4182 1015 4234 tt.
1034 4182 1045 4230 l
1063 4180 1100 4232 bl.
1118 4181 1162 4232 93.
