2754 4818
759 453 800 514 52

295 687 348 756 die
386 691 407 754 8
444 683 550 752 Martii
577 683 746 774 gratulatus
772 691 839 762 est,
875 681 946 770 (36)
976 679 1114 772 ipsorum
1139 681 1293 772 vigilian-

294 827 371 892 uam
399 821 549 903 laudans,
582 820 616 886 in
644 819 778 888 consiliis
799 818 934 886 hostium
973 818 1069 886 irritis
1085 817 1287 902 reddendis;

242 969 250 986 '
296 961 351 1052 qui
381 960 509 1051 (nempe
537 957 681 1050 Hispoui)
713 955 773 1024 nisi
792 955 833 1022 ad
852 957 995 1023 meliores
1014 956 1149 1023 rationes
1168 955 1290 1023 rediis-

296 1109 385 1179 sent,
418 1119 451 1165 se
471 1096 564 1163 etiam
582 1106 725 1187 puratum
743 1095 810 1161 tore
828 1093 962 1160 offirmat
971 1142 983 1174 ,
1007 1106 1043 1161 ut
1061 1094 1180 1161 bonam
1197 1116 1288 1160 eau-

297 1259 386 1318 sam,
417 1234 576 1304 victricem
602 1229 758 1301 redderet.
815 1229 974 1298 Admonet
1012 1253 1105 1320 porro
1140 1231 1287 1300 Ordines

291 1395 335 1441 ne
362 1395 394 1440 se
421 1370 518 1439 dubio
545 1369 609 1437 fide
628 1366 890 1450 adversariorum,
914 1366 1107 1459 deprehendi
1125 1377 1285 1461 paterere-⁶

296 1523 368 1590 tur,
401 1523 433 1578 at
460 1521 606 1600 urgerent
633 1507 861 1574 exsecutionem
887 1504 1122 1588 conditionum3
1149 1506 1282 1575 tandem

296 1643 474 1714 declarans:
510 1645 585 1711 »de
613 1652 722 1710 vostre
741 1651 829 1735 port
858 1644 889 1708 il
913 1665 954 1709 ne
982 1648 1138 1710 eeaurat't
1161 1649 1265 1712 venir
1272 1695 1283 1727 ,

295 1783 387 1873 »qui
410 1803 452 1847 ne
469 1803 520 1848 tue
529 1783 610 1872 first
627 1783 827 1874 aggreable,
842 1803 935 1873 pour
953 1782 1123 1847 l'entierre
1139 1786 1281 1866 emilie,

296 1939 389 2010 »quo
407 1921 456 1986 les
473 1917 584 2009 effecta
600 1939 676 1985 vous
686 1919 805 2009 seront
833 1921 1026 2029 cogneistre
1038 1927 1142 2008 ptam
1157 1943 1201 1987 en
1217 1945 1280 1988 ou-

296 2079 386 2125 »res
408 2059 574 2150 beroing?⁹

339 2193 473 2263 Ordines
491 2192 543 2260 die
562 2199 583 2261 3
604 2193 674 2265 Oct.
700 2197 784 2262 1576
804 2195 920 2285 puriter
937 2195 1039 2263 missis
1056 2196 1168 2264 litteris
1178 2197 1276 2288 Epis-

295 2351 373 2419 copo
412 2327 577 2397 Leodiensi
613 2351 677 2396 sese
711 2332 929 2398 commendare
957 2346 1115 2415 statuunt,
1144 2357 1277 2426 eumque

295 2465 365 2552 (37)
385 2463 552 2532 admouent
573 2464 613 2532 de
637 2467 760 2534 rinoqu
778 2470 959 2552 communi,
979 2494 1043 2562 quo
1062 2473 1103 2539 ab
1113 2495 1191 2538 enno
1200 2472 1273 2539 inde

294 2605 379 2670 1548
411 2603 570 2694 conjuncti
600 2603 743 2687 fueraut,
763 2606 888 2697 quaudo
903 2610 1078 2700 Imperator
1099 2609 1224 2680 Carolus
1241 2612 1270 2677 V

294 2740 402 2808 ambas
421 2739 552 2810 ditiones
570 2741 699 2834 collegio
721 2740 838 2810 Circuli
857 2745 1068 2837 Westphalioi
1087 2747 1226 2838 adjunxit
1234 2748 1273 2816 ad
1349 2833 1353 2858 4

244 2905 248 2912 ·
294 2878 441 2946 unionem
459 2879 701 2970 promerendam
721 2881 906 2954 universum.

336 3016 408 3082 Pari
428 3037 516 3083 sensu
536 3015 588 3084 die
609 3021 650 3084 19
669 3017 955 3110 Oct.‚Episcopum
975 3034 1063 3089 orant
1074 3073 1084 3104 ,
1103 3022 1176 3088 urbi
1193 3023 1270 3091 Tra-

288 3150 368 3240 jeoti
386 3151 428 3217 nd
441 3152 559 3219 Mosam
569 3175 626 3243 per
635 3154 726 3222 missu
736 3155 889 3246 praesidia
899 3179 1077 3226 succurrere
1088 3183 1098 3243 ;
1111 3183 1191 3251 quae
1201 3163 1269 3230 urbs

290 3306 348 3376 pro
369 3284 500 3352 dimidia
518 3302 607 3378 parte
625 3292 751 3381 utrique
769 3296 966 3385 competebat
978 3297 1061 3386 (38).

335 3421 423 3491 Urbe
444 3435 548 3490 tomen
567 3424 693 3492 interim
712 3429 753 3495 ab
774 3430 922 3522 Hispanis
942 3436 1032 3530 capti
1050 3435 1262 3518 etderastato,

322 3719 645 3736 W

317 3941 374 4006 (36)
394 3941 465 3992 Beai.
484 3957 508 3991 o.
530 3943 555 3992 d.
579 3940 611 3991 St
630 3943 695 3994 Gen.
713 3945 740 3994 11
758 3961 785 4011 p.
806 3945 867 3999 4156.
932 3983 934 3992 ,

318 4029 455 4094 (37)]1εε.
474 4030 567 4082 doct.
589 4031 661 4084 uest.
682 4049 707 4083 o.
724 4036 751 4088 d.
771 4035 841 4086 Stat.
865 4038 931 4093 Gen.
952 4042 973 4093 1.
993 4059 1019 4109 p.
1040 4045 1080 4098 19.

314 4123 371 4189 (38)
391 4120 460 4171 Boot.
480 4136 504 4170 c.
523 4123 549 4171 d.
570 4122 642 4178 Stat.
662 4123 727 4178 Gen.
749 4127 771 4177 1.
789 4145 814 4195 p.
834 4129 885 4194 dd,
907 4131 941 4183 70
962 4140 989 4184 et
1003 4135 1065 4189 265.
1099 4154 1102 4160 ·
1237 4179 1241 4188 .
