2762 4814
600 450 665 513 113

144 697 146 702 ’
189 684 241 752 0⁰.
262 677 326 748 Ubi
345 676 522 746 exercitium
541 678 696 768 religionis
716 678 849 744 liberum
858 703 918 746 non
929 681 1008 762 erit,
1025 704 1115 749 nemo

140 817 292 885 afficietur
312 817 473 896 molestia,
494 817 534 884 ob
553 837 589 882 ea
604 837 683 906 quae
702 815 787 883 domi
805 838 876 883 suae
892 818 998 906 egerit.
1025 819 1123 904 Quis

144 977 210 1046 que
233 956 384 1023 abstineat
412 977 444 1023 se
462 977 501 1022 ne
520 954 597 1022 alius
616 955 647 1021 in
666 956 810 1022 exercitio
829 955 1005 1045 religionis,
1023 959 1125 1023 rerbo'

141 1108 204 1163 ant·
225 1093 329 1174 iacto,
345 1093 521 1166 conturbet.
536 1089 707 1194 cujusque
725 1093 881 1184 religionis
899 1094 1046 1160 ministris
1064 1115 1116 1160 re·

145 1233 243 1306 titnnt
258 1233 318 1314 sit,
337 1231 414 1322 quid
432 1231 544 1300 docere
563 1231 602 1298 ad
622 1230 807 1300 discordiam
825 1230 1028 1301 excitandus.

190 1369 226 1442 ln
245 1367 462 1437 contrahendis
478 1370 682 1438 matrimoniis
698 1371 842 1462 antiquae
869 1371 987 1436 formae
1005 1367 1125 1436 retine·

144 1519 236 1574 antur
256 1506 361 1574 sedin
381 1506 545 1575 Hellandia
563 1519 595 1576 et
612 1507 774 1574 Zeelandia
793 1509 919 1598 nuptiae
937 1507 977 1573 ad
995 1508 1120 1575 tertium

144 1661 176 1714 et
205 1660 350 1738 quartum
372 1645 505 1738 gradum
520 1645 615 1712 initae
631 1646 771 1726 valeant,
791 1645 883 1712 ctiam
904 1646 950 1712 ibi
969 1647 1120 1714 restrictio

145 1783 302 1853 affinitatis
320 1784 488 1875 spiritualis
505 1784 682 1874 abrogetur.

192 1927 239 1992 7⁰.
263 1921 355 1990 Nulla
384 1921 438 1990 iiet
468 1908 625 1990 distinctio
651 1917 793 2013 respectu
811 1921 967 2010 religionis
985 1920 1016 1984 in
1036 1919 1123 1986 aditti

146 2057 345 2128 concedendo
374 2058 414 2124 ad
438 2060 574 2139 scholas,
601 2041 768 2150 hospitia,
784 2058 881 2125 aliare
909 2057 1046 2124 instituta
1064 2079 1128 2147 pu·

151 2197 246 2269 blica.

196 2339 242 2406 8⁰.
265 2336 434 2426 Utriusque
451 2335 606 2426 religionis
626 2347 788 2402 sectatores
807 2355 904 2424 aeque
912 2355 1039 2425 capaces
1047 2333 1107 2400 sint
1117 2381 1127 2414 ,

149 2470 339 2562 modosint
357 2471 484 2554 idonei,
511 2472 554 2561 ad
583 2470 726 2540 obeunda
754 2494 882 2539 munera
900 2472 1054 2563 publica„
1068 2470 1130 2542 sire

133 2646 136 2654 ·
146 2607 312 2698 justitiae,
331 2610 392 2674 sire
410 2610 482 2679 alia.
509 2579 513 2586 Ι
532 2607 596 2676 Sed
620 2607 675 2674 has
692 2607 820 2698 quidem
840 2609 1007 2698 sapientiae
1024 2610 1130 2697 plenas

152 2744 344 2814 conditiones
362 2746 465 2837 plures
483 2744 682 2825 Provinciae,
710 2744 792 2810 velut
810 2744 971 2811 Harmonia
981 2794 990 2825 ,
1018 2746 1128 2812 Ultra-

150 2887 271 2973 jectum
291 2897 321 2951 et
339 2882 464 2966 Gelria,
485 2884 631 2950 continuo
651 2879 1130 2974 repudiarunt,itaut0rdinum

153 2983 349 3088 Generalium
368 3021 529 3089 consilium
546 3021 689 3089 effectum
703 3043 770 3094 non
786 3018 914 3086 haberet
932 3021 1039 3106 (123).
1068 3019 1131 3085 Ila·

35 3194 40 3201 ·
158 3171 224 3224 turn
242 3158 294 3244 ab,
303 3156 474 3226 Ordinibus
491 3158 673 3226 Hollnndiae
691 3171 723 3225 et
737 3156 917 3224 Zeelandiae
932 3157 1127 3246 exemplum,

99 3289 101 3301 '
156 3269 363 3384 suspendendi
382 3295 498 3361 cultum
517 3295 672 3386 religionis
687 3293 1026 3363 Romano-Catholicae
1036 3344 1045 3375 ,
1056 3295 1130 3360 eile-

156 3443 239 3497 cerat
250 3479 260 3511 ,
287 3443 323 3498 ut
348 3429 477 3498 aliarum
503 3432 735 3500 Provinciarum
752 3430 884 3500 Ordines
903 3455 964 3500 non
981 3436 1129 3523 majorem

154 3565 329 3636 libertatem
356 3567 551 3637 Reformatae
576 3570 765 3662 largiendam
792 3595 856 3639 esse
883 3571 1127 3647 arbitrarentur,

76 3713 82 3716 “
150 3727 251 3795 neque
269 3705 443 3772 cedendum
463 3709 637 3776 auctoritati
656 3707 809 3777 Ordinem
829 3708 1042 3780 Generalium·

167 4109 240 4176 (tna)
259 4112 309 4161 lion
327 4111 354 4163 l..
369 4113 428 4166 ΧΠ.
446 4115 464 4164 s.
481 4114 515 4164 40
532 4116 549 4165 ll
566 4131 638 4178 raqq.
