2762 4814
749 469 791 531 84

335 705 371 772 in
400 701 517 793 triplici
542 701 605 768 hoc
633 696 777 788 negotio,
800 693 934 760 militum
952 686 1281 770 conscribendorum,

287 841 513 934 praefectorum
530 833 805 914 nominandorum,
825 829 1007 919 arcibusque
1027 839 1059 893 ct
1074 827 1204 893 omniuo
1218 826 1275 891 in-

287 978 466 1046 strumentis
486 973 606 1044 bellicis
623 969 832 1066 prospicieudi
842 1021 853 1051 ,
877 966 962 1060 quod
980 979 1070 1034 antea
1089 963 1131 1032 ad
1149 965 1274 1032 Guber-

286 1115 438 1182 nstricem
467 1114 648 1182 Generalem
674 1131 746 1178 oum
766 1107 905 1176 Concilio
925 1105 1030 1176 Status
1054 1103 1273 1195 pertinuerat,

291 1249 422 1320 Ordines
445 1251 609 1319 Generales
631 1246 776 1337 deinceps
795 1245 839 1312 ita
857 1243 971 1311 uersari
988 1254 1215 1333 perrexerunt,
1242 1253 1275 1307 ut

286 1391 380 1479 jura,
409 1410 447 1456 eo
471 1387 681 1479 pertinentia,
704 1384 819 1476 partim
838 1381 898 1473 ipsi
916 1380 1127 1460 exercuerint,
1150 1379 1274 1469 partim

290 1539 431 1617 tempore
449 1523 652 1605 succedente,
675 1522 743 1589 aliis
760 1517 928 1587 exercenda
947 1516 1169 1584 mandaverint.

331 1665 359 1731 1.
393 1663 455 1730 Die
473 1667 493 1728 2
512 1661 660 1731 Octobris
678 1660 876 1726 instituerunt
894 1656 984 1724 uariis
995 1655 1127 1723 decretis
1136 1654 1270 1724 Ordines

288 1799 451 1869 Generales
468 1798 583 1866 milites
591 1793 1081 1883 couscribcrc,nomineRegiset
1092 1790 1271 1873 Ordiuum,

289 1935 481 2006 adhibendos
498 1934 537 2002 ad
562 1933 809 2027 pacificationem
827 1928 1080 2028 promovendam,
1099 1930 1132 1994 in
1152 1931 1270 1998 utilita-

287 2091 351 2146 tcm
378 2075 516 2167 ejusdem
544 2073 656 2165 Regis,
685 2093 743 2138 neo
771 2092 833 2138 non
861 2081 1084 2137 sacro-sanotae
1104 2067 1269 2156 religionis

291 2213 482 2283 Catholicae.

331 2348 391 2415 Die
422 2350 463 2414 19
492 2344 564 2414 Oct.
595 2345 635 2411 de
659 2346 863 2413 conductione
889 2349 989 2428 4,000
1011 2343 1145 2412 militurn
1157 2393 1166 2424 ,
1188 2356 1265 2433 quot

288 2483 554 2551 Concilium-belli
581 2496 803 2573 proposuerat,
845 2505 917 2550 oum
951 2483 1094 2574 Principe
1120 2483 1267 2549 Arausiae

216 2605 222 2618 ’
285 2619 521 2688 deliberandum
549 2633 704 2702 statuunt3
741 2622 831 2712 quale
857 2620 1019 2688 decretum
1038 2620 1091 2687 die
1111 2624 1151 2687 27
1171 2616 1265 2686 Octo·

286 2761 352 2828 bris
377 2772 541 2851 repetunt:
570 2758 623 2826 dic
640 2771 744 2826 autem
762 2763 783 2826 6
801 2757 985 2827 Nouembris
1004 2757 1149 2826 cohortes
1166 2756 1263 2827 Senti·
1372 2823 1373 2826 ,

284 2921 335 2966 cas
353 2897 492 2989 perfecto
511 2895 635 2964 foedere
653 2898 686 2962 in
703 2897 848 2964 militiam
868 2898 1020 2988 suscipere
1039 2896 1222 2968 decernunt.
1368 2833 1373 3104 1

328 3037 435 3104 Mense
463 3035 633 3105 Nouembri
645 3036 713 3124 jam
741 3046 860 3101 certum
879 3020 1264 3116 modurn'constituerant,

289 3195 353 3261 quo
381 3173 490 3263 copiae
510 3169 750 3239 conscribendae
769 3170 809 3238 ad
829 3169 992 3240 definitum
1008 3194 1176 3239 numerum
1192 3195 1264 3265 per-
1368 3127 1373 3282 i

283 3306 393 3373 ductae
412 3299 521 3389 erant,
539 3311 583 3376 ita
602 3321 637 3375 ut
655 3309 709 3375 tali
731 3322 809 3377 statu
828 3324 954 3378 cautum
972 3324 1054 3392 erat,
1073 3333 1114 3378 ne
1131 3311 1190 3376 illis
1203 3333 1259 3400 per
1371 3289 1373 3342 ἕ

284 3463 439 3523 mensem,
461 3443 530 3533 plus
549 3464 643 3533 quarn
661 3457 778 3510 certam
795 3467 831 3511 ac
850 3445 1010 3514 definitam
1020 3448 1167 3540 pecuniae
1176 3467 1262 3514 sum·
1371 3463 1373 3540 t

284 3605 367 3652 mam
388 3579 547 3673 (moneo
567 3578 615 3671 fl.)
639 3578 820 3671 impendere
838 3605 961 3653 necessa
975 3587 1148 3676 essettdo).
1372 3553 1373 3584 ¹

316 3973 373 4042 (60)
390 3973 454 4026 Vide
476 3973 607 4032 umidam,
637 3973 717 4021 totius
734 3971 860 4020 exereitus
879 3971 1088 4037 compositionem
1103 3977 1131 4024 et
1149 3990 1263 4042 expensas

390 4062 557 4123 referentem,
586 4063 729 4127 susceptam
757 4061 784 4109 in
809 4059 938 4122 meana,
966 4063 1014 4114 1t0.
1038 4061 1074 4114 27
1090 4064 1123 4115 Δ.
1143 4066 1172 4114 et
1190 4066 1218 4116 B.
1234 4065 1261 4116 ad
1369 4051 1372 4140 i

372 4159 375 4164 '
393 4151 454 4203 Res.
474 4150 500 4200 d.
521 4150 555 4199 25
573 4153 636 4201 lter.
654 4151 681 4201 in
697 4151 826 4201 Reddas·
836 4148 908 4204 Stes.
923 4151 1039 4206 Genti).
1052 4153 1075 4208 1.
1086 4171 1114 4223 p.
1125 4155 1264 4209 293-307.
