2754 4818
719 440 760 503 22

256 693 323 740 rem
352 691 533 762 promovere
563 667 700 737 debebat
722 667 857 737 loannes
880 667 1082 750 Austriasus;
1108 666 1251 735 sedhic

256 809 403 878 fiduciam
419 809 452 876 in
469 830 502 875 se
520 806 672 899 positam,
696 821 786 874 antea
801 809 868 897 jam
884 806 991 874 multis
1004 807 1076 874 satis
1086 804 1250 886 dubiam,

254 973 326 1018 mox
351 947 475 1039 penitus
503 947 636 1015 sustulit.
688 943 777 1014 Nihil
799 965 906 1035 gerere
930 956 1073 1036 poterat,
1096 944 1158 1012 nisi
1176 967 1243 1037 per

258 1084 390 1156 Ordines
407 1084 589 1165 Generales,
614 1105 746 1174 quorum
764 1095 867 1174 partes
881 1081 1013 1163 nobiles,
1023 1082 1247 1164 ecelesiastici,

257 1247 293 1291 ae
309 1224 504 1315 magistratus
523 1243 628 1288 omnes
642 1220 861 1312 sequebantur.
880 1218 982 1310 Igitur
995 1218 1152 1302 Ordines,
1165 1233 1247 1288 ante

257 1363 373 1444 amnia,
397 1358 552 1452 siquidem
564 1359 701 1451 aliquam
711 1357 927 1426 anctoritatem
936 1358 1073 1426 nancisei
1081 1372 1112 1427 et
1122 1358 1242 1450 guber-
1370 1441 1371 1448 ἵ

255 1521 333 1568 nare
363 1500 474 1580 vellet,
508 1498 570 1566 sibi
598 1497 764 1566 consiliare
791 1478 938 1568 debebat.
985 1496 1095 1588 dquo
1114 1510 1241 1565 tautum

260 1635 384 1717 abluit,
414 1649 449 1702 nt
467 1635 572 1726 potius
589 1658 747 1732 armerum
766 1615 923 1728 praesidia
942 1647 1127 1725 quaereret,
1151 1634 1243 1704 send

258 1774 377 1840 bellum
395 1785 428 1840 et
441 1773 560 1863 jurium
581 1773 674 1864 Regis
691 1773 965 1857 restaurationem,
987 1796 1048 1840 uon
1066 1772 1106 1839 ad
1114 1795 1242 1864 paeem,

262 1913 324 2002 qui
352 1910 473 2003 regium
502 1910 670 2001 imperium
695 1931 821 2002 prorsas
844 1912 1043 1980 interiturum
1062 1925 1158 1993 esset,
1182 1934 1245 1978 re·

259 2050 339 2118 nisse
358 2063 452 2118 ratus.
500 2048 648 2140 Reliquos
664 2049 779 2116 milites
796 2049 980 2140 alienigenas
995 2049 1153 2119 dimittere
1168 2072 1247 2141 per-

260 2200 355 2277 petuo
379 2200 516 2255 moratus
545 2200 610 2269 est3
641 2209 734 2256 notos
752 2188 846 2256 etiam
868 2187 1067 2280 conseripsit,
1091 2188 1248 2279 pluraque

262 2325 330 2392 loea
370 2324 512 2404 munita,
545 2343 654 2392 eorum
681 2346 761 2414 ope,
794 2324 897 2392 invitis
924 2324 1116 2408 Ordinibus,
1149 2349 1245 2394 oceu-

264 2475 337 2553 pata
352 2462 452 2530 tenuit
472 2461 556 2550 (12).
602 2461 651 2528 Ita
670 2460 803 2529 Ordines
822 2486 890 2530 suas
908 2464 1003 2534 etiam
1020 2465 1136 2557 copias,
1158 2466 1247 2533 lusa·

266 2621 328 2690 que
350 2599 391 2666 ab
414 2599 453 2665 iis
475 2611 648 2690 occupatu,
672 2613 880 2670 servaverunt.

203 2793 207 2802 .
310 2738 355 2805 Er
373 2737 592 2805 Pacifieatione
611 2736 695 2802 enim
715 2735 908 2805 Gandarensi
925 2751 956 2806 et
966 2738 1078 2808 Edicto
1089 2741 1246 2832 Perpetuo
1371 2739 1374 2778 l

266 2901 284 2944 a
303 2877 388 2968 Rege
406 2875 558 2957 firmatis,
582 2889 665 2944 certa
677 2877 751 2966 jura
769 2876 1016 2966 acquisiverant,
1040 2901 1124 2948 nune
1138 2893 1248 2948 eontm

266 3015 387 3105 regium
411 3015 659 3082 Gubematoram
682 3013 894 3083 custodienda.

312 3150 419 3239 Reqe',
443 3148 562 3218 duabus
581 3151 717 3241 epistolis
736 3149 769 3220 d.
789 3155 832 3218 24
852 3151 934 3241 nug.
954 3164 986 3219 et
1004 3157 1025 3221 8
1044 3153 1134 3245 Sept.
1152 3175 1249 3246 roga-

269 3299 323 3365 to,
346 3298 381 3353 ut
399 3286 432 3351 in
449 3287 552 3352 locum
571 3287 674 3354 fratris
693 3287 762 3369 sui,
785 3310 899 3356 norum
917 3291 1164 3359 Gubernatorem
1183 3293 1249 3361 Ge-

268 3422 403 3488 neralem
430 3422 568 3491 mitteret
598 3424 691 3513 (13),
725 3447 760 3491 ar
787 3424 913 3495 decreto
940 3427 973 3498 d.
1003 3433 1045 3497 25
1064 3431 1152 3521 Sept.
1173 3432 1245 3520 (11)

267 3557 400 3628 Ordines
417 3560 457 3626 ab
476 3559 637 3628 lustriaco
656 3563 832 3653 petierunt,
857 3580 893 3644 ut
911 3589 974 3633 sese
989 3569 1150 3635 continens
1167 3569 1251 3636 intra

269 3697 500 3789 Lunemburghi
519 3698 617 3781 lines,
642 3699 785 3792 Belgium
803 3703 920 3771 interea
938 3719 1025 3796 regat
1044 3729 1080 3773 er
1099 3707 1251 3776 sententia

298 3953 355 4018 (12)
373 3955 471 4004 sanant
492 3955 519 4006 t.
536 3955 570 4004 IX
585 3972 611 4021 p.
627 3955 695 4017 534,
718 3958 778 4008 535.

300 4045 445 4112 (1³)aaa.
465 4045 492 4094 t.
511 4044 556 4096 XI.
576 4046 594 4094 1.
613 4047 660 4096 281
680 4049 709 4099 Β.
728 4065 801 4113 seqq.

301 4133 358 4200 (14)
376 4133 441 4184 lbid.
461 4135 479 4183 l.
499 4134 551 4185 288
567 4137 597 4189 A.
616 4153 688 4201 seqq.
