2754 4818
624 417 664 479 21

147 671 150 681 ’
188 645 326 739 Tempus
345 647 544 738 profectionis
564 645 710 713 delinitur
731 647 802 737 (art.
823 652 842 714 t
861 648 894 736 b)
905 697 915 729 ,
936 650 983 716 uti
1001 663 1032 717 et
1047 661 1119 716 uro-3

138 783 198 854 dus
213 784 481 877 proficiscentibus
490 783 594 852 debito
601 783 754 876 stipendia
761 784 895 852 solvendi
915 788 985 856 Art.
996 792 1118 871 14,15.

188 925 232 997 4.
245 923 289 991 Ut
313 922 463 1003 urbibus,
486 923 625 1012 locisque
644 922 772 990 munitis
792 923 1010 1014 praeficiantur
1029 949 1119 1016 prae-

137 1059 214 1126 fecti
240 1081 276 1125 ex
303 1060 451 1125 sententid
481 1057 614 1126 Ooncilii
641 1059 767 1142 sotus,
801 1075 832 1128 et
859 1061 919 1128 hac
937 1057 1005 1128 rice
1026 1065 1118 1143 tales,

138 1198 195 1288 qni
217 1199 359 1288 placeant
382 1196 554 1265 Ordinibus
577 1198 789 1267 Generalibns.
837 1198 897 1266 Art
920 1202 953 1268 6.

180 1341 213 1404 5.
238 1336 282 1404 Ut
309 1335 374 1402 ller
403 1335 567 1426 privilegia
594 1358 632 1402 ac
654 1338 725 1426 jura
753 1335 986 1403 Provinciernm
1018 1331 1120 1404 sancta

132 1485 236 1540 teneat
258 1485 293 1540 et
321 1471 463 1541 observet
495 1473 552 1540 sub
573 1473 788 1540 Gubernatore
810 1495 847 1538 ac
866 1472 1027 1553 Ooncilio,
1047 1486 1119 1540 ton-

132 1623 202 1678 tum
220 1609 377 1702 indigenis
393 1622 561 1679 constante.
609 1611 678 1678 Art.
703 1614 755 1678 10.

184 1751 215 1817 1.
238 1748 427 1816 Pollicentur
443 1745 575 1816 Ordines
585 1770 617 1814 se
627 1760 795 1816 servaturos
803 1745 983 1836 religionem
994 1747 1114 1814 Rome-

136 1880 406 1954 nocathotioom:
429 1882 639 1952 obedientium
658 1885 737 1977 llegi
747 1884 884 1952 debitam
893 1883 1112 1975 praestituros:

133 2033 223 2113 pacta
233 2042 304 2087 curn
314 2023 462 2092 extraneis
471 2022 562 2105 inita,
573 2045 638 2090 esse
647 2023 808 2090 soluturos:
822 2022 897 2087 item
906 2020 1052 2088 militiam
1062 2043 1113 2086 ex-

132 2159 612 2252 tranenmabipsi'sconscriptunr
622 2158 784 2226 dimissum
791 2159 841 2228 iri.
862 2160 930 2228 Art.
945 2160 1111 2240 1112,13.

174 2299 207 2364 2.
230 2296 383 2363 Jocnnem
409 2297 658 2366 Gubernatorem
678 2297 862 2365 Generelem
883 2296 1038 2389 accipient
1055 2294 1111 2362 de·

127 2453 236 2514 mum,
269 2447 434 2525 postquem
463 2457 568 2502 omnes
596 2435 705 2527 copiae
733 2435 871 2502 utilitum
896 2448 1109 2502 extraneorum

51 2645 57 2662 ,
125 2573 319 2642 recesserint.
367 2572 436 2643 brt.
463 2575 516 2642 16.

145 2741 148 2746 ’
175 2707 288 2775 Edicto
311 2709 466 2798 Perpetuo
479 2709 546 2798 'per
565 2709 696 2799 Regium
717 2708 878 2776 decretum
898 2707 930 2778 d.
952 2714 971 2775 7
992 2708 1108 2799 Aprilis

128 2844 310 2913 confirmato
328 2857 360 2912 et
378 2844 485 2911 exteris
504 2843 678 2925 militibus,
693 2845 835 2935 'exceptis
853 2857 956 2911 tamen
978 2843 1107 2911 Genna-

124 2986 173 3052 nis
213 2997 342 3050 exeunte
371 3004 475 3048 mense
503 2981 624 3072 Aprili,
650 2981 720 3071 (10)
749 3006 767 3047 a
798 2982 921 3049 toanne
950 2979 1114 3064 dimissis,·

123 3122 176 3189 hic
197 3122 394 3190 Gubernator
413 3119 571 3189 Generalis
593 3119 632 3184 ab
651 3117 820 3188 Ordinibus
832 3117 1032 3187 Generalibus
1052 3139 1103 3185 ac-

71 3265 72 3268 ’
124 3273 231 3353 ceptus
254 3272 299 3327 est
322 3257 471 3326 brunellis
494 3257 526 3327 d.
555 3260 570 3322 1
595 3256 671 3346 Maji
694 3281 723 3326 a.
750 3259 834 3323 1577
860 3255 945 3345 (11).

167 3398 345 3473 Proximum
373 3409 457 3477 erut,
481 3408 516 3462 ut
535 3396 575 3461 ab
595 3392 764 3461 Ordinibus
783 3394 984 3462 Generalibus
1001 3397 1101 3463 susci-

124 3547 247 3626 peretur
261 3535 313 3602 ‘ee
342 3532 505 3602 Ordinatio
532 3531 722 3622 reipublicae
748 3532 842 3598 totins
864 3553 901 3599 ac
925 3533 1099 3623 religionis,

121 3697 199 3764 qnae
226 3674 259 3742 in
277 3672 494 3741 Pacificatione
512 3667 710 3736 Gandarense
728 3667 876 3758 promissa
900 3680 976 3736 erat.
1010 3669 1100 3736 llanc
1181 3748 1182 3752 Ἰ

121 3880 457 3895 -a———n--n-——o—

149 4013 208 4076 (10)
227 4013 326 4060 Srrrnr
348 4011 379 4058 de
395 4009 461 4058 bello
483 4008 592 4086 Brlqico
612 4009 629 4058 l.
657 4009 701 4058 lx.
722 4023 748 4072 p.
768 4009 833 4067 522,
855 4009 906 4058 523
924 4018 951 4059 ct
967 4009 1028 4062 534.

150 4104 208 4171 (ll)
229 4102 292 4156 nes„
310 4101 336 4150 d.
357 4101 383 4149 2.
404 4101 461 4166 lloji
479 4099 552 4150 1577.
574 4099 713 4148 Bcslut'tcn
735 4097 827 4148 Stutcc
850 4100 923 4150 Gen'.
940 4101 965 4150 ll
985 4103 1025 4152 lll.
