2762 4814
740 387 781 448 72

277 624 372 715 igitur
399 620 482 686 Duci
508 616 680 706 Alengonio
708 613 758 681 ria
786 613 826 678 ad
854 635 1003 681 summam
1024 635 1151 696 rerum3
1181 636 1263 681 cum

272 750 1185 828 illocontiuuocommunicationescontinuaverantOrdines
1192 753 1260 820 Ge-

270 897 388 964 nerales
398 907 434 961 ut
443 905 572 984 apparet
592 915 623 961 r.
644 914 674 963 c.
685 889 905 958 indefensione
923 889 1009 956 urbis
1019 886 1169 956 (lambrai
1184 889 1256 979 (29)

268 1057 326 1100 neo
355 1055 420 1100 non
445 1055 481 1098 er
509 1030 621 1099 litteris
647 1028 846 1120 Imperatoris
871 1025 1032 1116 lludolphi
1059 1026 1116 1107 11,
1138 1025 1194 1092 dic
1215 1031 1256 1093 21

269 1170 346 1261 uajr
368 1174 453 1238 asco
481 1167 752 1260 eripimus
769 1164 1018 1234 troarnense
1036 1163 1075 1230 ue
1095 1164 1260 1254 ambigui·
1360 1125 1362 1168 ²

270 1320 334 1375 tate
356 1303 609 1398 reprehensiones
628 1305 715 1374 facit.

316 1444 399 1536 Ergo
408 1445 500 1511 missa
509 1444 662 1534 legatione
672 1441 827 1512 Ordinum
836 1441 870 1506 in
881 1441 1012 1509 Galliam
1025 1489 1036 1518 ,
1048 1436 1100 1506 die
1112 1440 1152 1506 12
1163 1438 1251 1530 sept.

270 1583 457 1650 instauratae
475 1596 547 1649 sunt
558 1580 817 1662 deliberationes,
836 1601 873 1646 eo
882 1578 991 1645 effectu
1001 1590 1037 1645 ut
1047 1575 1100 1642 die
1111 1582 1154 1644 29
1164 1578 1251 1670 Sept·

270 1719 432 1785 conventio
452 1718 530 1784 inita
548 1719 588 1785 sit
599 1767 609 1798 ,
630 1739 709 1808 quae
728 1715 761 1787 d.
783 1720 825 1783 23
836 1716 919 1804 sdan.
944 1718 1051 1797 1581,
1071 1715 1251 1784 confirmata

268 1869 325 1926 est.

313 1992 494 2064 Secundum
520 2006 648 2086 pactum
676 1992 754 2060 illud
781 1992 915 2062 Ordines
944 1991 1105 2060 Generales
1127 1993 1251 2060 Ducem

268 2131 475 2224 Alengonium
494 2135 612 2226 eligunt
631 2131 793 2200 dominum
817 2153 998 2224 supremum
1018 2119 1153 2199 omnium
1169 2133 1246 2199 Pro-

269 2269 460 2348 rinciarurn,
488 2292 565 2358 quas
589 2284 840 2361 repraesentant,
863 2271 987 2371 juribus
1011 2283 1042 2338 et
1062 2269 1249 2338 conditioni-

270 2404 330 2471 bus
364 2403 473 2471 iisdem
485 2453 496 2486 ,
526 2428 606 2494 quae
624 2406 664 2471 ab
681 2408 923 2475 antecessoribus
951 2431 1091 2477 concessa
1119 2409 1248 2476 fuerant.

268 2541 393 2610 Mortuo
420 2564 492 2608 vero
509 2542 563 2609 illo
583 2543 693 2625 Duce,
712 2542 846 2612 Ordines
865 2545 1044 2612 facrdtatem
1061 2545 1195 2628 habent,
1212 2569 1246 2612 er
1361 2501 1366 2644 l

270 2678 438 2754 heredibus
456 2681 521 2772 ejus
541 2681 718 2749 masculinis
737 2694 768 2750 et
785 2682 950 2774 legitimis,
968 2706 1174 2751 successorem
1190 2683 1248 2749 eli-

267 2816 384 2910 gendi,
414 2819 469 2908 qui
498 2819 524 2885 si
548 2819 651 2886 minor
669 2833 747 2889 esset
772 2842 878 2888 rerum
895 2821 992 2913 gestio
1018 2834 1050 2888 et
1069 2821 1166 2889 tutela
1194 2845 1246 2913 pe·

268 2979 323 3023 nes
343 2955 475 3025 Ordines
492 2958 632 3024 mauebit
643 3009 653 3040 ,
673 2969 732 3028 art.
755 2959 795 3039 1,
817 2961 859 3040 2,
880 2962 912 3028 3.

318 3094 390 3160 Dux
421 3106 452 3161 et
478 3094 641 3186 privilegia
670 3108 701 3163 et
730 3094 854 3162 decreta
871 3108 903 3162 et
923 3109 1039 3186 pacta,
1056 3107 1149 3162 anteo
1170 3096 1245 3163 facta

270 3230 391 3317 integra
420 3231 574 3312 servabit,
602 3245 660 3302 art.
679 3238 717 3315 5,
739 3235 778 3312 6,
800 3237 842 3315 9,
861 3235 923 3315 10,
946 3235 1086 3315 11,12,
1110 3236 1170 3314 14,
1194 3238 1261 3301 20.·

318 3361 509 3432 Conuenient
538 3365 687 3451 Ordines,
713 3370 833 3459 quoties
851 3371 889 3438 iis
906 3371 1006 3437 risum
1025 3371 1082 3452 sit,
1102 3370 1242 3459 omnique

269 3502 458 3593 obligatione
480 3501 695 3572 liberabuntur
723 3529 795 3598 erga
812 3507 1012 3599 Principem,
1035 3507 1126 3575 simul
1146 3507 1241 3586 acis,

271 3640 380 3709 foedus
397 3641 576 3723 violaverit,
596 3656 653 3713 art.
677 3648 719 3723 7,
742 3647 795 3714 26.

283 3897 615 3909 Ἣ

299 4080 355 4150 (29)
374 4082 442 4140 Bor,
464 4083 490 4132 L.
510 4084 576 4136 xlv.
597 4087 615 4134 1.
635 4086 683 4140 180
700 4087 728 4134 ll.
