2762 4814
590 415 627 478 61

108 645 163 712 sis
192 643 360 736 Hispanis,
384 665 440 736 per
465 643 598 713 Ordines
618 641 778 712 Generales
796 645 884 714 aliter
900 649 1104 716 coustitutum

109 795 223 864 essct,
242 795 302 851 art.
325 785 360 851 6.

172 921 258 988 Loca
277 918 376 1002 adeo,
395 919 615 1011 comprehensa
633 919 801 1003 mandato,
818 920 933 1011 quoda
949 921 1105 1012 Begeda·

109 1067 193 1124 tum
213 1069 279 1124 erat
289 1106 300 1139 ,
320 1056 373 1127 sed
391 1057 529 1125 nondum
545 1057 604 1148 ipsi
625 1058 764 1148 subjecta
773 1105 788 1139 ,·
797 1071 899 1148 posset
913 1058 1105 1125 consentien-

110 1193 210 1263 tibus
228 1217 334 1262 eorum
353 1195 492 1262 locorum
512 1194 621 1263 incolis
631 1244 643 1277 ,
663 1207 695 1262 ct
713 1215 855 1262 concessa
869 1195 928 1277 iis,
944 1217 1038 1286 quarn
1052 1195 1110 1286 pe'·

113 1343 226 1400 terent
253 1333 482 1414 satisfactione,
502 1334 661 1424 recipere,
680 1346 739 1420 art.
750 1339 783 1404 7.

172 1474 220 1539 7⁰.
244 1472 370 1537 Interea
398 1471 432 1536 in
459 1469 597 1552 ditione,
627 1493 720 1561 quarn
747 1471 895 1560 Princeps
922 1468 1106 1537 Ammianus

110 1605 272 1674 tuebatur
283 1657 293 1690 ,
304 1621 470 1676 catantunr
480 1606 602 1676 decreta
613 1609 661 1676 rel
671 1608 771 1676 edicta
781 1609 843 1674 rim
853 1607 928 1700 logis
937 1606 1103 1688 haberent,

114 1764 209 1834 quae
236 1744 278 1810 eb
297 1744 365 1836 ipso
383 1758 415 1813 et
434 1745 632 1828 consiliariis,
651 1745 880 1835 magistratibus
894 1746 1028 1835 aliisque
1044 1744 1106 1810 nri·

116 1880 233 1948 nistris
256 1881 391 1972 publicis
418 1885 482 1973 ejus
511 1882 637 1950 ditionis
661 1896 760 1950 essent
779 1883 980 1974 comprobata
993 1881 1108 1962 paullo

114 2018 329 2110 praejudicio·
343 2033 448 2087 tumen
467 2019 550 2088 facto
567 2019 765 2099 auctoritati,
785 2039 879 2108 qnam
897 2017 930 2082 in
950 2027 1107 2106 posterum

118 2181 304 2252 supremum
315 2156 491 2227 Concilium
501 2155 1105 2248 Regisjureviudieaturumessetartti.

25 2335 29 2342 ·
115 2295 179 2366 Sic
207 2296 240 2364 iu
268 2295 423 2389 praesenti
451 2295 665 2362 eximebantur
691 2292 857 2361 Hollandia
884 2307 915 2360 et
942 2292 1106 2364 Zeelandia

114 2435 165 2502 ab
193 2436 377 2502 auctoritate
397 2413 531 2538 concilii
548 2431 670 2513 Status,
691 2431 884 2524 aliorumque
902 2433 1106 2504 conciliorum

121 2572 339 2640 Generalium.

171 2714 204 2778 8.
232 2705 363 2776 Ordines
383 2707 548 2774 Generoles
567 2705 786 2786 decernerent,
809 2727 885 2770 num
903 2709 983 2772 aeris
999 2707 1105 2786 alieni,

122 2869 145 2912 a
163 2843 312 2935 Principe
330 2843 499 2911 Arausiaco
517 2854 549 2909 et
566 2842 736 2908 Provinciis
755 2838 965 2909 Hellandiaac
976 2842 1106 2908 Zeelan-

122 2983 179 3051 dia
197 2993 325 3074 propter
343 2981 432 3048 binas
452 2977 662 3071 expeditiones
682 2977 831 3046 militares
845 2981 994 3048 contracti
1009 3004 1105 3064 onus,

122 3118 335 3211 rejiciendum
353 3118 393 3186 sit
411 3117 444 3184 in
462 3115 638 3184 Provincias
658 3116 827 3199 universas,
853 3117 917 3186 sire
945 3119 1105 3188 Generali-

121 3270 233 3326 tatem.
255 3270 314 3325 art.
335 3259 391 3324 24.

170 3392 259 3460 Pacis
295 3387 504 3459 Gandareusis
516 3437 526 3470 ,
561 3385 673 3457 Edicto
702 3403 853 3483 perpetuo
883 3395 1103 3478 confirmatae,

123 3502 250 3597 effeetus
278 3541 344 3596 erat
355 3577 367 3610 ,
399 3539 435 3594 ut
462 3495 601 3618 quamne
621 3525 753 3597 Ordines
773 3529 956 3599 Heliandiae
973 3545 1006 3599 et
1023 3532 1104 3599 Zee-

123 3665 248 3734 landiae
266 3665 307 3732 ad
325 3664 473 3733 Edictum
492 3677 678 3756 perpetuum
697 3663 845 3732 accedere
864 3679 1104 3751 cunctarentur,

126 3803 168 3870 ab
184 3805 330 3896 Hispanis
347 3826 409 3870 non
427 3814 551 3893 possent
569 3823 654 3868 arun
672 3813 778 3868 contra
796 3801 1104 3872 hasambasProrin·

128 3940 193 4008 cias
212 3942 338 4032 suscipi.
368 3939 724 4031 Reipublicaefstatum
749 3947 843 4029 quern
862 3939 922 4006 sibi
941 3941 1106 4010 Hellandia

127 4091 160 4146 et
198 4077 360 4146 Zeelandia
372 4127 383 4159 ,
416 4075 489 4144 inde
524 4078 565 4145 ab
595 4099 675 4143 anno
707 4079 790 4144 1572
820 4093 926 4148 contra
953 4079 1106 4172 Hispani-
