2762 4814
602 421 644 483 69

96 679 101 700 ι
149 649 232 716 lias
253 647 447 718 conditiones
467 671 657 740 quamquam
677 650 766 717 valde
784 653 922 734 strictas,
943 656 1104 726 Archidux

89 787 246 878 accepit
265 786 318 853 die
341 791 380 855 17
401 789 478 856 Dec.
501 792 586 855 1577
602 801 632 854 et
651 787 702 854 die
721 789 978 874 rotantem,
995 798 1101 887 jusju-

90 924 259 990 randum
287 948 337 991 eas
365 925 551 1016 exsequendi
577 921 727 993 Bruxellis
754 929 925 1019 praestitit,
954 933 1102 1024 obligatus

96 1061 251 1154 insuper
278 1061 402 1129 decreto
427 1061 581 1138 Ordinem
609 1063 828 1149 Generalium‚
849 1064 912 1132 diei
932 1073 952 1134 8
971 1068 1045 1138 Jan.
1065 1071 1104 1138 ad

95 1200 299 1290 Principem
323 1200 470 1268 Arausiae
491 1223 669 1268 assessorem
689 1202 746 1268 sibi
766 1200 1008 1293 adjungendum.
1057 1207 1106 1273 lta

103 1351 150 1404 ut
175 1337 282 1406 edicto
296 1339 565 1429 promulgarentur
581 1335 643 1404 hoc
660 1340 806 1408 nomine:
829 1339 1110 1411 111111111111011ιι

100 1497 262 1542 oerneur
282 1498 321 1541 en
343 1441 507 1568 Capiteyn
531 1475 694 1543 Generael
709 1477 772 1542 der
780 1475 1013 1544 Nederlanolen
1023 1491 1107 1561 ,noct

106 1613 250 1702 adoyse
277 1637 341 1679 van
369 1635 468 1679 onsen
496 1612 585 1680 Neve
611 1613 691 1678 mede
716 1613 912 1679 Lc'eutenant
944 1614 1108 1682 Generoel

109 1748 252 1817 Princo
269 1771 333 1817 van
355 1749 539 1843 Orongim.

172 1888 224 1954 td
254 1890 300 1956 rei
324 1888 466 1956 militaris
484 1890 547 1955 rim
567 1886 760 1979 aagendam,
780 1889 991 1978 auxiliumque
1008 1890 1104 1957 Ducis

113 2023 287 2115 Alenponii
301 2025 360 2091 sibi
377 2025 642 2117 comparandum,
658 2023 808 2106 Ordines,
828 2029 894 2116 ejus
909 2026 1110 2092 sollicitatio-⁴

110 2163 212 2230 nibus
239 2165 508 2255 obtemperantes,
537 2175 629 2254 pacto
658 2161 690 2231 d.
723 2166 763 2228 13
790 2161 920 2254 August.
946 2167 1107 2246 11578,

115 2300 211 2368 illum
239 2315 425 2394 acceperunt
454 2303 536 2369 velut
562 2301 763 2369 Defensorem
792 2299 944 2367 libertatis
961 2301 1105 2391 Belgicae

114 2453 228 2508 contra
255 2440 466 2532 Hispanorum
484 2436 706 2528 tyrannidem:
732 2437 962 2527 (Beschermer
979 2463 1045 2510 van
1062 2443 1104 2506 de

114 2581 270 2664 liberteyt
296 2599 361 2642 van
388 2577 429 2641 de
455 2575 711 2656 Nedertanden,
744 2576 859 2665 teghen
884 2576 925 2641 de
944 2581 1103 2663 tyrannio

119 2736 189 2779 van
209 2713 251 2777 de
269 2709 528 2802 Sponjoerden).

171 2851 198 2920 1.
223 2851 292 2918 Ilm
319 2846 493 2940 provincias
521 2845 653 2913 liberare
682 2845 817 2913 debebat
845 2845 1027 2938 asaperbia
1046 2847 1107 2916 do-

121 2987 301 3055 minationis
326 2984 529 3075 Hispanioae,
555 3006 591 3050 ea
618 2984 686 3074 lege
704 2997 738 3050 ut
756 3005 813 3074 per
831 2998 893 3051 tres
912 3007 1030 3053 menses
1048 2985 1102 3054 de·

119 3147 191 3192 cem
219 3124 316 3191 millia
339 3120 480 3213 peditum
508 3134 539 3187 et
565 3120 626 3188 duo
645 3120 743 3186 millia
762 3122 902 3210 equitum
924 3123 1102 3192 1111101111-

119 3286 216 3344 num,
248 3263 309 3329 suis
336 3260 471 3340 viribus,
499 3271 620 3351 praesto
646 3258 796 3338 haberet;
829 3283 908 3350 quae
932 3261 1055 3351 copiae,
1076 3266 1102 3332 si

123 3401 205 3468 dicto
235 3399 334 3491 spatio
358 3397 476 3464 bellom
493 3395 631 3464 nondum
648 3410 724 3465 esset
740 3399 963 3489 compositum,
983 3401 1022 3468 ad
1040 3404 1101 3469 tria

126 3539 221 3605 millia
248 3537 392 3629 peditum
410 3547 441 3601 et
460 3535 643 3626 quingentos
661 3534 946 3625 augendaeessent,
966 3551 1104 3626 utroque

123 3698 210 3757 casu,
233 3673 383 3765 indigenis
403 3684 434 3738 et
455 3671 550 3739 Gallis
570 3683 763 3756 constantes,
783 3684 842 3740 art.
866 3677 903 3750 1,
924 3674 962 3750 2,
984 3674 1022 3760 3,
1044 3675 1097 3740 19.

168 3811 284 3903 Copiae
310 3809 381 3877 illae
409 3809 606 3889 auxiliariae,
641 3807 736 3874 Ducis
764 3818 795 3872 et
824 3803 977 3872 Ordinem
998 3809 1101 3898 jussui

125 3949 280 4016 communi
297 3948 524 4036 obsequentur,
543 3958 602 4014 art.
621 3951 660 4023 7,
681 3947 737 4013 21.

172 4087 239 4152 Dur
272 4109 302 4150 se
331 4085 503 4150 immiscere
528 4079 706 4149 nullomodo
723 4092 824 4171 potest
842 4082 897 4163 iis,
919 4106 997 4174 qnae
1015 4083 1096 4170 regi·
