<?xml version="1.0" encoding="UTF-8"?>
<!DOCTYPE html PUBLIC "-//W3C//DTD XHTML 1.0 Transitional//EN"
    "http://www.w3.org/TR/xhtml1/DTD/xhtml1-transitional.dtd">
<html xmlns="http://www.w3.org/1999/xhtml" xml:lang="en" lang="en">
 <head>
  <title>
</title>
<meta http-equiv="Content-Type" content="text/html;charset=utf-8" />
  <meta name='ocr-system' content='tesseract 3.04.00' />
  <meta name='ocr-capabilities' content='ocr_page ocr_carea ocr_par ocr_line ocrx_word'/>
</head>
<body>
  <div class='ocr_page' id='page_1' title='image "./disputatiohisto00unkngoog_0052.png"; bbox 0 0 2754 4818; ppageno 0'>
   <div class='ocr_carea' id='block_1_1' title="bbox 511 825 857 962">
    <p class='ocr_par' dir='ltr' id='par_1_1' title="bbox 511 825 857 962">
     <span class='ocr_line' id='line_1_1' title="bbox 511 825 857 962; baseline -0.012 -48"><span class='ocrx_word' id='word_1_1' title='bbox 511 957 514 962; x_wconf 15' lang='lat'><strong>⁴</strong></span> <span class='ocrx_word' id='word_1_2' title='bbox 594 825 774 914; x_wconf 79' lang='lat' dir='ltr'><strong>cnnnn</strong></span> <span class='ocrx_word' id='word_1_3' title='bbox 803 825 857 910; x_wconf 91' lang='lat'><strong>11.</strong></span> 
     </span>
    </p>
   </div>
   <div class='ocr_carea' id='block_1_2' title="bbox 590 1150 852 1200">
    <p class='ocr_par' dir='ltr' id='par_1_2' title="bbox 590 1150 852 1200">
     <span class='ocr_line' id='line_1_2' title="bbox 590 1150 852 1200; baseline 0 -1"><span class='ocrx_word' id='word_1_4' title='bbox 590 1151 648 1199; x_wconf 75' lang='lat' dir='ltr'><strong>RES</strong></span> <span class='ocrx_word' id='word_1_5' title='bbox 670 1150 852 1200; x_wconf 72' lang='grc' dir='ltr'><strong>ΕΧΤΕΗΝΔΕ.</strong></span> 
     </span>
    </p>
   </div>
   <div class='ocr_carea' id='block_1_3' title="bbox 650 1438 810 1467">
    <p class='ocr_par' dir='ltr' id='par_1_3' title="bbox 650 1438 810 1467">
     <span class='ocr_line' id='line_1_3' title="bbox 650 1438 810 1467; baseline -0.006 -7"><span class='ocrx_word' id='word_1_6' title='bbox 650 1438 810 1467; x_wconf 40' lang='grc' dir='ltr'><strong><em>..ἠ-.-</em></strong></span> 
     </span>
    </p>
   </div>
   <div class='ocr_carea' id='block_1_4' title="bbox 683 1723 773 1832">
    <p class='ocr_par' dir='ltr' id='par_1_4' title="bbox 683 1723 773 1832">
     <span class='ocr_line' id='line_1_4' title="bbox 683 1723 773 1832; baseline 0.022 -28"><span class='ocrx_word' id='word_1_7' title='bbox 683 1723 773 1832; x_wconf 67' lang='lat' dir='ltr'><strong>§n</strong></span> 
     </span>
    </p>
   </div>
   <div class='ocr_carea' id='block_1_5' title="bbox 282 1913 1174 2008">
    <p class='ocr_par' dir='ltr' id='par_1_5' title="bbox 282 1913 1174 2008">
     <span class='ocr_line' id='line_1_5' title="bbox 282 1913 1174 2008; baseline -0.007 -20"><span class='ocrx_word' id='word_1_8' title='bbox 282 1919 334 1988; x_wconf 82' lang='lat' dir='ltr'><strong>Bc</strong></span> <span class='ocrx_word' id='word_1_9' title='bbox 375 1921 471 1988; x_wconf 77' lang='lat' dir='ltr'><strong>rebus</strong></span> <span class='ocrx_word' id='word_1_10' title='bbox 506 1923 594 1988; x_wconf 79' lang='lat' dir='ltr'><strong>actis</strong></span> <span class='ocrx_word' id='word_1_11' title='bbox 619 1939 690 1985; x_wconf 84' lang='lat' dir='ltr'><strong>cum</strong></span> <span class='ocrx_word' id='word_1_12' title='bbox 726 1915 938 2008; x_wconf 82' lang='lat' dir='ltr'><em>Imperatore</em></span> <span class='ocrx_word' id='word_1_13' title='bbox 968 1923 1001 1980; x_wconf 81' lang='lat' dir='ltr'><strong>et</strong></span> <span class='ocrx_word' id='word_1_14' title='bbox 1027 1913 1174 2006; x_wconf 70' lang='lat' dir='ltr'><strong>Imperio</strong></span> 
     </span>
    </p>
   </div>
   <div class='ocr_carea' id='block_1_6' title="bbox 623 2055 834 2125">
    <p class='ocr_par' dir='ltr' id='par_1_6' title="bbox 623 2055 834 2125">
     <span class='ocr_line' id='line_1_6' title="bbox 623 2055 834 2125; baseline -0.009 0"><span class='ocrx_word' id='word_1_15' title='bbox 623 2055 834 2125; x_wconf 79' lang='lat' dir='ltr'><strong><em>Germaniae.</em></strong></span> 
     </span>
    </p>
   </div>
   <div class='ocr_carea' id='block_1_7' title="bbox 284 2267 1217 2413">
    <p class='ocr_par' dir='ltr' id='par_1_7' title="bbox 284 2267 1217 2413">
     <span class='ocr_line' id='line_1_7' title="bbox 284 2267 1217 2413; baseline 0.001 -23"><span class='ocrx_word' id='word_1_16' title='bbox 284 2267 447 2390; x_wconf 70' lang='lat' dir='ltr'><strong>Decreta</strong></span> <span class='ocrx_word' id='word_1_17' title='bbox 482 2321 546 2388; x_wconf 88' lang='lat' dir='ltr'><strong>diei</strong></span> <span class='ocrx_word' id='word_1_18' title='bbox 579 2325 622 2388; x_wconf 82' lang='lat'><strong>25</strong></span> <span class='ocrx_word' id='word_1_19' title='bbox 653 2321 742 2413; x_wconf 84' lang='lat' dir='ltr'><strong>Sept.</strong></span> <span class='ocrx_word' id='word_1_20' title='bbox 778 2325 864 2389; x_wconf 80' lang='lat'>1576</span> <span class='ocrx_word' id='word_1_21' title='bbox 893 2320 1025 2390; x_wconf 86' lang='lat' dir='ltr'>Ordines</span> <span class='ocrx_word' id='word_1_22' title='bbox 1055 2323 1217 2392; x_wconf 83' lang='lat' dir='ltr'><strong>Genernies</strong></span> 
     </span>
    </p>
   </div>
   <div class='ocr_carea' id='block_1_8' title="bbox 232 2458 1221 3514">
    <p class='ocr_par' dir='ltr' id='par_1_8' title="bbox 232 2458 1219 2686">
     <span class='ocr_line' id='line_1_8' title="bbox 232 2458 1219 2550; baseline 0.004 -25"><span class='ocrx_word' id='word_1_23' title='bbox 232 2458 301 2550; x_wconf 84' lang='lat' dir='ltr'><strong>jam</strong></span> <span class='ocrx_word' id='word_1_24' title='bbox 328 2472 498 2526; x_wconf 77' lang='lat' dir='ltr'><strong>statuerant</strong></span> <span class='ocrx_word' id='word_1_25' title='bbox 525 2458 565 2525; x_wconf 84' lang='lat' dir='ltr'><strong>nd</strong></span> <span class='ocrx_word' id='word_1_26' title='bbox 593 2471 710 2526; x_wconf 79' lang='lat' dir='ltr'><strong>exteros</strong></span> <span class='ocrx_word' id='word_1_27' title='bbox 738 2458 898 2550; x_wconf 81' lang='lat' dir='ltr'><strong>Principes</strong></span> <span class='ocrx_word' id='word_1_28' title='bbox 925 2459 965 2524; x_wconf 90' lang='lat' dir='ltr'><strong>de</strong></span> <span class='ocrx_word' id='word_1_29' title='bbox 992 2462 1086 2528; x_wconf 90' lang='lat' dir='ltr'><strong>rebus</strong></span> <span class='ocrx_word' id='word_1_30' title='bbox 1111 2462 1219 2529; x_wconf 81' lang='lat' dir='ltr'><strong>suiset</strong></span> 
     </span>
     <span class='ocr_line' id='line_1_9' title="bbox 235 2595 896 2686; baseline 0.008 -25"><span class='ocrx_word' id='word_1_31' title='bbox 235 2596 354 2664; x_wconf 74' lang='lat' dir='ltr'><strong>ratione</strong></span> <span class='ocrx_word' id='word_1_32' title='bbox 373 2618 479 2663; x_wconf 82' lang='lat' dir='ltr'><strong>cerum</strong></span> <span class='ocrx_word' id='word_1_33' title='bbox 499 2595 688 2686; x_wconf 80' lang='lat' dir='ltr'><strong>agendarum</strong></span> <span class='ocrx_word' id='word_1_34' title='bbox 707 2596 823 2663; x_wconf 86' lang='lat' dir='ltr'><strong>referre</strong></span> <span class='ocrx_word' id='word_1_35' title='bbox 835 2597 896 2686; x_wconf 85' lang='lat'><strong>(1).</strong></span> 
     </span>
    </p>

    <p class='ocr_par' dir='ltr' id='par_1_9' title="bbox 233 2731 1221 3514">
     <span class='ocr_line' id='line_1_10' title="bbox 284 2731 1221 2825; baseline -0.003 -22"><span class='ocrx_word' id='word_1_36' title='bbox 284 2734 370 2803; x_wconf 84' lang='lat' dir='ltr'><strong>Inter</strong></span> <span class='ocrx_word' id='word_1_37' title='bbox 397 2749 514 2803; x_wconf 78' lang='lat' dir='ltr'><strong>exteros</strong></span> <span class='ocrx_word' id='word_1_38' title='bbox 543 2748 670 2816; x_wconf 82' lang='lat' dir='ltr'><strong>autem,</strong></span> <span class='ocrx_word' id='word_1_39' title='bbox 699 2733 740 2800; x_wconf 84' lang='lat' dir='ltr'><strong>nd</strong></span> <span class='ocrx_word' id='word_1_40' title='bbox 759 2756 836 2825; x_wconf 86' lang='lat' dir='ltr'><strong>quos</strong></span> <span class='ocrx_word' id='word_1_41' title='bbox 856 2731 989 2802; x_wconf 86' lang='lat' dir='ltr'>Ordines</span> <span class='ocrx_word' id='word_1_42' title='bbox 1009 2735 1172 2802; x_wconf 84' lang='lat' dir='ltr'><strong>Generales</strong></span> <span class='ocrx_word' id='word_1_43' title='bbox 1191 2757 1221 2800; x_wconf 90' lang='lat' dir='ltr'><strong>se</strong></span> 
     </span>
     <span class='ocr_line' id='line_1_11' title="bbox 236 2872 1219 2966; baseline -0.003 -26"><span class='ocrx_word' id='word_1_44' title='bbox 236 2887 470 2957; x_wconf 82' lang='lat' dir='ltr'><strong>converterunt,</strong></span> <span class='ocrx_word' id='word_1_45' title='bbox 499 2873 673 2966; x_wconf 83' lang='lat' dir='ltr'><strong>principem</strong></span> <span class='ocrx_word' id='word_1_46' title='bbox 698 2873 802 2941; x_wconf 88' lang='lat' dir='ltr'><strong>locum</strong></span> <span class='ocrx_word' id='word_1_47' title='bbox 820 2872 946 2938; x_wconf 82' lang='lat' dir='ltr'><strong>tenebat</strong></span> <span class='ocrx_word' id='word_1_48' title='bbox 965 2872 1138 2964; x_wconf 79' lang='lat' dir='ltr'><strong>imperator</strong></span> <span class='ocrx_word' id='word_1_49' title='bbox 1155 2872 1219 2938; x_wconf 91' lang='lat' dir='ltr'><strong>Im-</strong></span> 
     </span>
     <span class='ocr_line' id='line_1_12' title="bbox 235 3009 1220 3103; baseline -0.004 -25"><span class='ocrx_word' id='word_1_50' title='bbox 235 3013 421 3103; x_wconf 86' lang='lat' dir='ltr'><strong>periumque</strong></span> <span class='ocrx_word' id='word_1_51' title='bbox 441 3012 645 3094; x_wconf 80' lang='lat' dir='ltr'><strong>Germaniae,</strong></span> <span class='ocrx_word' id='word_1_52' title='bbox 670 3033 802 3102; x_wconf 84' lang='lat' dir='ltr'><strong>quocum</strong></span> <span class='ocrx_word' id='word_1_53' title='bbox 823 3011 1002 3077; x_wconf 82' lang='lat' dir='ltr'><strong>Provinciae</strong></span> <span class='ocrx_word' id='word_1_54' title='bbox 1012 3009 1173 3099; x_wconf 75' lang='lat' dir='ltr'><strong>Belgicae,</strong></span> <span class='ocrx_word' id='word_1_55' title='bbox 1195 3011 1220 3076; x_wconf 87' lang='lat' dir='ltr'><strong>si</strong></span> 
     </span>
     <span class='ocr_line' id='line_1_13' title="bbox 233 3148 1216 3240; baseline -0.002 -25"><span class='ocrx_word' id='word_1_56' title='bbox 233 3149 397 3234; x_wconf 74' lang='lat' dir='ltr'><strong>lanatiore,</strong></span> <span class='ocrx_word' id='word_1_57' title='bbox 428 3171 522 3237; x_wconf 84' lang='lat' dir='ltr'><strong>quam</strong></span> <span class='ocrx_word' id='word_1_58' title='bbox 541 3149 679 3238; x_wconf 84' lang='lat' dir='ltr'><strong>reliquae</strong></span> <span class='ocrx_word' id='word_1_59' title='bbox 697 3148 829 3240; x_wconf 88' lang='lat' dir='ltr'><strong>imperii</strong></span> <span class='ocrx_word' id='word_1_60' title='bbox 846 3162 949 3240; x_wconf 77' lang='lat' dir='ltr'><strong>partes</strong></span> <span class='ocrx_word' id='word_1_61' title='bbox 972 3149 1113 3229; x_wconf 84' lang='lat' dir='ltr'><strong>vinculo,</strong></span> <span class='ocrx_word' id='word_1_62' title='bbox 1134 3160 1216 3214; x_wconf 85' lang='lat' dir='ltr'><strong>certe</strong></span> 
     </span>
     <span class='ocr_line' id='line_1_14' title="bbox 234 3282 1216 3375; baseline 0.001 -26"><span class='ocrx_word' id='word_1_63' title='bbox 234 3283 360 3350; x_wconf 83' lang='lat' dir='ltr'><strong>foedere</strong></span> <span class='ocrx_word' id='word_1_64' title='bbox 389 3282 453 3348; x_wconf 90' lang='lat' dir='ltr'><strong>diei</strong></span> <span class='ocrx_word' id='word_1_65' title='bbox 481 3289 524 3350; x_wconf 87' lang='lat'><strong>26</strong></span> <span class='ocrx_word' id='word_1_66' title='bbox 543 3285 633 3351; x_wconf 87' lang='lat' dir='ltr'><strong>Junii</strong></span> <span class='ocrx_word' id='word_1_67' title='bbox 651 3286 724 3349; x_wconf 82' lang='lat' dir='ltr'><strong>anni</strong></span> <span class='ocrx_word' id='word_1_68' title='bbox 746 3290 831 3355; x_wconf 82' lang='lat'>1548</span> <span class='ocrx_word' id='word_1_69' title='bbox 852 3287 894 3353; x_wconf 81' lang='lat' dir='ltr'><strong>ita</strong></span> <span class='ocrx_word' id='word_1_70' title='bbox 908 3290 1036 3375; x_wconf 81' lang='lat' dir='ltr'><strong>junctae</strong></span> <span class='ocrx_word' id='word_1_71' title='bbox 1054 3299 1160 3367; x_wconf 83' lang='lat' dir='ltr'><strong>erent,</strong></span> <span class='ocrx_word' id='word_1_72' title='bbox 1181 3297 1216 3351; x_wconf 86' lang='lat' dir='ltr'><strong>ut</strong></span> 
     </span>
     <span class='ocr_line' id='line_1_15' title="bbox 234 3419 1217 3514; baseline 0.002 -28"><span class='ocrx_word' id='word_1_73' title='bbox 234 3420 350 3486; x_wconf 77' lang='lat' dir='ltr'><strong>circrdo</strong></span> <span class='ocrx_word' id='word_1_74' title='bbox 375 3419 574 3510; x_wconf 79' lang='lat' dir='ltr'><strong>Burgundico</strong></span> <span class='ocrx_word' id='word_1_75' title='bbox 597 3421 853 3512; x_wconf 83' lang='lat' dir='ltr'><strong>comprehensae,</strong></span> <span class='ocrx_word' id='word_1_76' title='bbox 873 3425 1088 3491; x_wconf 88' lang='lat' dir='ltr'><strong>communibus</strong></span> <span class='ocrx_word' id='word_1_77' title='bbox 1109 3425 1217 3514; x_wconf 88' lang='lat' dir='ltr'><strong>impe-</strong></span> 
     </span>
    </p>
   </div>
   <div class='ocr_carea' id='block_1_9' title="bbox 233 3557 1214 3652">
    <p class='ocr_par' dir='ltr' id='par_1_10' title="bbox 233 3557 1214 3652">
     <span class='ocr_line' id='line_1_16' title="bbox 233 3557 1214 3652; baseline 0.004 -28"><span class='ocrx_word' id='word_1_78' title='bbox 233 3558 274 3625; x_wconf 88' lang='lat' dir='ltr'><strong>rii</strong></span> <span class='ocrx_word' id='word_1_79' title='bbox 303 3557 446 3638; x_wconf 86' lang='lat' dir='ltr'><strong>tributis,</strong></span> <span class='ocrx_word' id='word_1_80' title='bbox 479 3570 510 3625; x_wconf 84' lang='lat' dir='ltr'><strong>et</strong></span> <span class='ocrx_word' id='word_1_81' title='bbox 535 3557 597 3625; x_wconf 90' lang='lat' dir='ltr'><strong>huc</strong></span> <span class='ocrx_word' id='word_1_82' title='bbox 617 3583 714 3650; x_wconf 88' lang='lat' dir='ltr'><strong>nsque</strong></span> <span class='ocrx_word' id='word_1_83' title='bbox 733 3562 827 3629; x_wconf 84' lang='lat' dir='ltr'><strong>etiam</strong></span> <span class='ocrx_word' id='word_1_84' title='bbox 841 3565 1053 3652; x_wconf 86' lang='lat' dir='ltr'><strong>jurisdictioni</strong></span> <span class='ocrx_word' id='word_1_85' title='bbox 1074 3583 1214 3630; x_wconf 80' lang='lat' dir='ltr'><strong>camerae</strong></span> 
     </span>
    </p>
   </div>
   <div class='ocr_carea' id='block_1_10' title="bbox 263 3921 1219 3990">
    <p class='ocr_par' dir='ltr' id='par_1_11' title="bbox 263 3921 1219 3990">
     <span class='ocr_line' id='line_1_17' title="bbox 263 3921 1219 3990; baseline 0.015 -20"><span class='ocrx_word' id='word_1_86' title='bbox 263 3922 303 3988; x_wconf 88' lang='grc'><strong>(1)</strong></span> <span class='ocrx_word' id='word_1_87' title='bbox 320 3922 377 3972; x_wconf 81' lang='lat' dir='ltr'><strong>vid.</strong></span> <span class='ocrx_word' id='word_1_88' title='bbox 397 3921 485 3974; x_wconf 80' lang='lat' dir='ltr'><strong>Rosci.</strong></span> <span class='ocrx_word' id='word_1_89' title='bbox 507 3922 533 3974; x_wconf 89' lang='lat' dir='ltr'><strong>d.</strong></span> <span class='ocrx_word' id='word_1_90' title='bbox 552 3923 586 3972; x_wconf 72' lang='grc'><strong>25</strong></span> <span class='ocrx_word' id='word_1_91' title='bbox 603 3925 672 3990; x_wconf 83' lang='lat' dir='ltr'><strong>Sept.</strong></span> <span class='ocrx_word' id='word_1_92' title='bbox 694 3925 804 3976; x_wconf 70' lang='lat'><strong>1576111</strong></span> <span class='ocrx_word' id='word_1_93' title='bbox 826 3927 897 3978; x_wconf 70' lang='lat' dir='ltr'><strong>Beni,</strong></span> <span class='ocrx_word' id='word_1_94' title='bbox 918 3929 1219 3984; x_wconf 58' lang='lat' dir='ltr'><strong>condescensurum</strong></span> 
     </span>
    </p>
   </div>
   <div class='ocr_carea' id='block_1_11' title="bbox 324 4011 1221 4154">
    <p class='ocr_par' dir='ltr' id='par_1_12' title="bbox 324 4011 1221 4154">
     <span class='ocr_line' id='line_1_18' title="bbox 324 4011 1221 4086; baseline 0.013 -24"><span class='ocrx_word' id='word_1_95' title='bbox 324 4012 356 4062; x_wconf 85' lang='lat' dir='ltr'><strong>li.</strong></span> <span class='ocrx_word' id='word_1_96' title='bbox 377 4013 390 4061; x_wconf 88' lang='lat'>1</span> <span class='ocrx_word' id='word_1_97' title='bbox 407 4029 434 4077; x_wconf 87' lang='lat' dir='ltr'><strong>p.</strong></span> <span class='ocrx_word' id='word_1_98' title='bbox 454 4011 481 4061; x_wconf 78' lang='grc'><strong>4.</strong></span> <span class='ocrx_word' id='word_1_99' title='bbox 508 4015 597 4083; x_wconf 58' lang='grc' dir='ltr'><strong>Ιθοαί.</strong></span> <span class='ocrx_word' id='word_1_100' title='bbox 617 4016 678 4070; x_wconf 83' lang='lat' dir='ltr'><strong>Iirr.</strong></span> <span class='ocrx_word' id='word_1_101' title='bbox 698 4015 723 4068; x_wconf 89' lang='lat'><strong>7.</strong></span> <span class='ocrx_word' id='word_1_102' title='bbox 741 4019 797 4067; x_wconf 73' lang='lat' dir='ltr'><strong>om.</strong></span> <span class='ocrx_word' id='word_1_103' title='bbox 819 4017 871 4069; x_wconf 86' lang='lat' dir='ltr'><strong>ibid</strong></span> <span class='ocrx_word' id='word_1_104' title='bbox 887 4037 944 4086; x_wconf 63' lang='lat' dir='ltr'><strong>per.</strong></span> <span class='ocrx_word' id='word_1_105' title='bbox 965 4021 1014 4084; x_wconf 80' lang='lat'><strong>25,</strong></span> <span class='ocrx_word' id='word_1_106' title='bbox 1033 4022 1083 4085; x_wconf 81' lang='lat'><strong>26,</strong></span> <span class='ocrx_word' id='word_1_107' title='bbox 1104 4027 1132 4074; x_wconf 82' lang='lat' dir='ltr'><strong>ei</strong></span> <span class='ocrx_word' id='word_1_108' title='bbox 1146 4024 1188 4076; x_wconf 84' lang='lat' dir='ltr'><strong>dic</strong></span> <span class='ocrx_word' id='word_1_109' title='bbox 1204 4025 1221 4074; x_wconf 91' lang='grc'>9</span> 
     </span>
     <span class='ocr_line' id='line_1_19' title="bbox 326 4103 527 4154; baseline 0.01 -3"><span class='ocrx_word' id='word_1_110' title='bbox 326 4105 383 4153; x_wconf 81' lang='lat' dir='ltr'><strong>ssct.</strong></span> <span class='ocrx_word' id='word_1_111' title='bbox 403 4103 464 4154; x_wconf 84' lang='lat' dir='ltr'><strong>ibid.</strong></span> <span class='ocrx_word' id='word_1_112' title='bbox 484 4104 527 4153; x_wconf 76' lang='lat'><strong>³2.</strong></span> 
     </span>
    </p>
   </div>
   <div class='ocr_carea' id='block_1_12' title="bbox 0 0 1384 4818">
    <p class='ocr_par' dir='ltr' id='par_1_13' title="bbox 0 0 1384 4818">
     <span class='ocr_line' id='line_1_20' title="bbox 0 0 1384 4818; baseline 0 0"><span class='ocrx_word' id='word_1_113' title='bbox 0 0 1384 4818; x_wconf 95' lang='lat' dir='ltr'><strong> </strong></span> 
     </span>
    </p>
   </div>
  </div>
 </body>
</html>
