2762 4814
764 449 861 526 60Ι

333 685 378 749 2⁰.
402 679 504 748 llntui
541 677 650 744 auxilii
690 677 871 768 promissio,
901 677 1041 770 inprimis
1078 677 1118 743 ed
1155 677 1284 745 alieni-

285 839 377 908 genas
411 818 526 884 milltes
558 815 695 906 aliosque
723 815 921 906 peregrinos,
951 813 1147 907 expellendos
1174 829 1204 883 et
1235 816 1278 881 in

288 961 474 1046 perpetuum
493 953 657 1035 arcendos,
677 967 735 1023 ort.
761 959 793 1024 2.

331 1099 378 1164 3⁰.
402 1091 547 1184 Hisponis
572 1112 742 1183 eorumque
770 1091 971 1160 sectatoribus
988 1091 1111 1182 q‘ectis,
1133 1087 1281 1158 Ordines

286 1229 452 1300 Generrles
475 1242 752 1322 congregarentur,
777 1229 813 1296 ei
830 1229 945 1310 tnmt,
967 1230 1027 1320 qut
1046 1229 1165 1296 lactum
1183 1239 1278 1309 eret,

286 1367 341 1436 ubi
360 1391 441 1436 anno
462 1371 546 1437 1555
567 1364 694 1436 Oarclos
711 1367 761 1440 V.
781 1367 921 1458 Belgicus
939 1364 1116 1433 Provincias
1130 1388 1187 1430 suo
1204 1362 1279 1430 lilio

285 1506 433 1576 truderet.

333 1641 541 1712 Oonrenirent
557 1643 691 1713 Ordines
710 1643 890 1727 Generales,
911 1641 950 1708 ed
967 1639 1194 1731 rempublicam
1213 1659 1275 1707 or-

287 1780 477 1862 dinandum,
499 1804 572 1850 cum
590 1784 782 1865 nniversam,
798 1797 867 1850 tnm
883 1805 941 1874 per
956 1794 1070 1874 partes.
1107 1781 1198 1866 Quae
1214 1799 1276 1846 or*

286 1917 404 1988 dinatio
432 1921 601 2012 pertineret
622 1918 662 1989 ed
686 1920 804 1989 cultum
823 1918 980 2010 religionis
1003 1919 1036 1984 in
1055 1914 1224 1984 llollrndie
1241 1927 1277 1982 et

285 2056 470 2142 Zeelendio,
508 2060 564 2150 qui
600 2080 682 2128 nunc
717 2071 782 2126 eret
821 2054 1053 2137 stabiliendum,
1082 2067 1113 2121 et
1140 2052 1181 2119 ed
1207 2053 1274 2120 alin

286 2198 419 2286 cujusvis
452 2197 571 2287 generis
606 2197 729 2288 negotiu
765 2191 1007 2263 consideranda:
1042 2191 1162 2259 etrite
1190 2211 1277 2282 per-
1369 2271 1370 2288 ἶ

286 2346 448 2423 egerentur
466 2346 576 2400 cuncta
594 2333 658 2400 sire
675 2332 768 2424 Regis
778 2380 789 2413 ,
809 2333 872 2399 sire
891 2330 1015 2398 unionis
1033 2329 1275 2397 ecsalutisl’ro-
1362 2355 1370 2420 t

286 2470 459 2540 rinciuum
476 2469 648 2540 interesset.
678 2468 818 2537 Decretis
826 2481 930 2536 eutem
941 2465 1094 2536 Ordinorn
1105 2468 1271 2536 Generali-

284 2631 339 2676 utn
357 2620 490 2699 noeque
506 2630 578 2700 pers
597 2629 629 2674 se
645 2606 770 2699 penitus
790 2606 978 2696 subjiceret,
998 2618 1056 2675 ert.
1078 2610 1110 2676 3.

334 2751 379 2818 4⁰.
403 2746 555 2816 Liberum
582 2743 825 2825 commercium,
854 2744 936 2811 bello
959 2744 1169 2836 interruptum
1189 2743 1273 2812 inter

287 2908 393 2954 omnes
423 2883 599 2952 Provincias
627 2882 858 2952 instauraretur.
901 2880 965 2951 Sed
995 2904 1034 2948 ne
1062 2880 1213 2950 llollendi
1239 2893 1272 2949 et

287 3023 432 3094 Zcelrndi
458 3035 542 3090 extre
569 3021 681 3088 harum
700 3019 831 3088 duerunr
853 3019 1088 3086 Provinciorom
1114 3020 1191 3087 lines
1213 3019 1276 3087 cli⁴

288 3160 365 3253 quid
386 3173 492 3227 contre
512 3159 630 3226 cultum
649 3158 807 3249 religionis
827 3158 966 3226 llcmsno
977 3155 1157 3225 Catholicae
1166 3158 1269 3225 susci-

287 3317 362 3388 pere
377 3308 516 3386 possent,
541 3294 622 3362 ecrit
641 3307 700 3364 nrt.
714 3263 756 3365 ¹i.
864 3294 865 3298 ’

333 3430 434 3523 Igitur
458 3429 519 3496 hae
545 3429 723 3496 Provinciae
752 3429 869 3498 interce
897 3434 1076 3501 fncffltetent
1099 3433 1270 3501 retinerent

288 3566 453 3639 ordinandi
471 3568 589 3636 cultum
608 3567 864 3652 ecclesiasticum,
884 3571 931 3637 uti
947 3570 1087 3639 lubebat.

335 3717 382 3780 5⁰.
406 3708 519 3779 Omnia
536 3707 638 3776 edicta
657 3704 696 3773 de
715 3705 886 3774 Haereticis
902 3707 1149 3798 suspenduntur3
1170 3707 1271 3775 donec

288 3869 346 3938 per
373 3846 505 3914 Ordines
531 3846 696 3915 Generalcs
716 3844 805 3911 aliter
826 3856 973 3911 statutum
994 3844 1072 3911 loret
1089 3857 1149 3914 art.
1171 3852 1204 3914 5.

225 4051 228 4058 ,
335 3985 382 4052 6⁰.
406 3981 552 4074 Princeps
570 3983 751 4050 Arcusinous
770 3994 875 4048 manet
895 3979 1071 4050 Admiralus
1089 4005 1126 4048 ac
1145 3982 1268 4051 (luber⁴

290 4133 379 4187 notor
405 4120 507 4210 regius
532 4119 717 4187 llollendioc
736 4133 767 4188 ct
796 4118 994 4201 Zeelandioc,
1017 4119 1137 4203 donec,
1159 4143 1267 4189 rerer·
