2754 4818
720 473 762 537 20

661 730 797 842 on.

256 972 308 1040 Ab
332 972 474 1040 adverrtu
495 970 645 1054 Ι,Ιοιιηηιέ
672 965 853 1034 Austriaci
876 986 974 1054 usqaee
998 963 1240 1056 ‹od-delibero-

570 1108 676 1172 tionee
702 1103 919 1174 colonienses.

301 1381 520 1450 Paoifioatione
549 1379 742 1448 Gandavensi
770 1375 803 1449 d.
823 1385 845 1447 8
864 1379 943 1447 Nor.
965 1401 983 1444 a
1006 1383 1090 1446 1576
1110 1379 1235 1446 consa-

258 1533 361 1600 stuta,
384 1517 657 1609 egeruntOrdines
673 1515 1236 1602 GeneraleseumJoanneAustriaeo,

259 1668 361 1736 creato
379 1657 502 1748 eliege
522 1654 737 1722 Gubernatore
755 1653 919 1735 Generaii,
942 1666 973 1719 et
991 1652 1022 1717 in
1039 1651 1237 1720 Provinciam

259 1789 709 1890 Lurenborghensemadveni.
736 1789 868 1858 Ordines
877 1803 974 1858 cenas
983 1789 1171 1857 conditiones
1182 1813 1237 1856 ex-

258 1942 445 2021 posuerunt,
475 1929 588 2018 quibus
614 1953 633 1994 a
657 1930 743 2020 Rege
762 1928 917 2019 acceptis,
940 1941 1007 1995 turn
1027 1927 1152 1994 demum
1171 1928 1235 2019 ipsi

259 2091 372 2134 novum
394 2067 640 2135 Gubernatorem
660 2065 818 2158 accepturi
833 2078 942 2134 essent.
989 2065 1236 2132 Deliberationes

257 2203 298 2270 de
318 2204 368 2272 his
397 2203 647 2287 conditionibus,
677 2203 952 2272 intervenientibus
968 2204 1075 2293 legatis
1093 2203 1234 2294 impera-

261 2343 337 2408 toris
355 2338 515 2430 Rudolphi
533 2341 564 2408 11
587 2341 882 2423 numisianae,
906 2341 989 2408 riam
1006 2340 1182 2406 munierunt
1192 2339 1233 2406 ad

256 2463 383 2568 pactam
412 2475 490 2542 iilud
517 2478 610 2568 Regis
635 2501 707 2544 eum
724 2476 896 2545 Ordinibus
915 2476 947 2548 d.
970 2483 1010 2544 12
1029 2478 1122 2547 Febr.
1145 2482 1230 2544 1577

213 2611 216 2620 '
256 2613 452 2681 condendum
464 2664 475 2697 ,
514 2614 599 2706 quod
628 2615 753 2682 nomine
784 2615 891 2684 Edisti
916 2616 1062 2706 Perpetui
1088 2614 1232 2682 celebra-

256 2764 326 2850 tum¹
347 2765 393 2822 esi.
411 2753 473 2840 (9).

299 2889 370 2958 Hoe
391 2903 482 2982 paeto
504 2883 777 2982 promittitur'pro
799 2892 895 2983 Rege.

300 3034 331 3098 1.
356 3028 516 3096 Amnestia
539 3029 689 3119 generalis
712 3041 770 3098 art.
798 3032 838 3110 1,
863 3033 905 3109 8,
929 3033 964 3097 9.

301 3169 335 3266 2.
362 3163 585 3256 comprobatio
599 3179 631 3232 et
641 3166 758 3232 sanctio
769 3162 994 3234 Paeifieationis
1006 3165 1231 3247 Gandarensis,

253 3297 286 3370 d.
311 3303 332 3367 8
355 3299 435 3368 Nor.
459 3323 488 3369 a.
517 3304 602 3368 1576
625 3302 791 3373 initaeiirt.
816 3308 849 3373 2.

301 3440 334 3506 3.
358 3436 403 3504 Ut
419 3437 535 3504 milites
553 3441 688 3506 extranei
708 3438 905 3509 dimittantur
923 3463 941 3509 e
960 3441 1152 3522 Provinciis,
1175 3463 1234 3507 net

253 3597 314 3666 qne
350 3575 410 3666 ipsi
438 3574 566 3643 redeant
594 3599 750 3667 unquam,
785 3601 887 3669 neque
915 3579 990 3660 alii,
1019 3578 1080 3646 nisi
1101 3590 1228 3669 propter

253 3711 369 3778 bellurn
389 3726 587 3796 extraneum,
610 3715 659 3782 rel
672 3717 813 3784 universe
824 3715 973 3808 ejusmodi
983 3738 1123 3798 oaonm,
1147 3736 1227 3805 quae

252 3845 420 3917 Ordinibus
439 3851 641 3920 Generalibus
656 3868 816 3944 perspecta
833 3868 863 3921 et
879 3854 1008 3945 probata
1025 3855 1076 3924 sit.
1124 3852 1181 3920 Art
1192 3856 1225 3920 3.

249 4083 602 4099 W-w-

278 4163 322 4233 (9)
337 4166 419 4215 noun
450 4167 484 4226 X,
505 4167 548 4214 soi.
568 4167 618 4217 222
638 4170 659 4218 A
677 4186 749 4233 seqq.
