2762 4814
607 441 647 505 tt

125 669 222 759 goti,
243 666 488 736 sollicitabantur
507 667 690 759 a·l'rincipe
708 666 873 751 Anniae,
892 669 932 738 ud
950 671 1113 742 meliorem

125 829 242 874 rerum
267 805 448 872 bellicarum
470 802 768 880 administrationem
785 807 1020 892 instituendum,
1049 835 1113 879 no·-

126 961 252 1034 vasquc
272 943 373 1034 copias
393 941 801 1033 Germanicasercipiendas.
821 943 1042 1034 Propositiones
1049 947 1109 1018 hae

125 1079 262 1174 quidem
276 1092 442 1148 caruerunt
460 1081 571 1147 effectu
583 1104 592 1163 3
605 1093 710 1148 tamen
720 1094 906 1171 aperuerunt
914 1082 996 1149 riam
1007 1133 1017 1164 ‚
1029 1083 1109 1153 Gon·

130 1219 208 1286 cilio
217 1240 359 1309 supremo
368 1216 547 1285 mundatum
556 1217 775 1310 componendi,
787 1221 838 1287 cui
847 1243 960 1290 munus
969 1221 1008 1290 de
1017 1223 1110 1292 rebus

131 1354 266 1448 publicis
283 1368 427 1424 accurate
436 1357 640 1447 cognoscendi
651 1406 661 1438 ‚
672 1359 917 1427 committeretur
928 1373 979 1443 ;et
987 1374 1111 1451 praeter

131 1495 214 1576 aba,
242 1494 338 1562 ctiam
364 1494 479 1562 milites
505 1493 718 1562 conscribendi
736 1509 769 1564 ct
784 1496 984 1581 dimittendi3
1005 1501 1113 1590 prouti

132 1630 294 1724 expediret
313 1631 398 1723 (66).
478 1705 480 1711 A

179 1769 226 1836 Er
256 1769 434 1839 conditione
462 1783 566 1838 tamur
592 1771 693 1838 minus
711 1769 812 1839 rnlidu
837 1772 1006 1855 exercitus,
1025 1797 1106 1866 quac

131 1909 167 1974 in
193 1919 340 1998 sequente
368 1928 448 1973 anno
475 1903 641 1996 conspicua
658 1904 778 1986 fiebat,
802 1906 874 1974 sutis
892 1919 1011 1974 constat
1022 1955 1033 1988 ‚
1052 1906 1107 1974 hus

129 2027 365 2113 deliberationes
383 2043 494 2112 effectu
513 2065 568 2111 suo
588 2042 742 2123 caruisse,
762 2055 794 2109 et
811 2043 1107 2133 uliissuperrenien-

128 2183 212 2250 tibus
228 2181 387 2261 consiliis,
406 2179 552 2270 sepositas
572 2200 646 2247 esse.
1090 2235 1091 2240 ,

177 2319 337 2401 Tandem,
372 2317 423 2384 dic
452 2321 493 2384 13
520 2317 661 2385 danuurii
687 2340 718 2386 a.
757 2318 863 2399 1561,
887 2319 985 2386 lotum
1004 2331 1049 2387 est
1067 2320 1108 2387 nb

128 2457 300 2528 Ordinibus
329 2455 529 2525 cheralibns
555 2455 737 2536 decretum,
758 2479 820 2547 quo
840 2455 1012 2524 Concilium
1031 2479 1107 2526 con·

130 2594 315 2662 stitnebatur
336 2614 534 2682 supremum,
565 2593 648 2682 quod
664 2615 725 2658 uua
744 2615 817 2659 curn
833 2595 977 2684 Principe
994 2597 1034 2661 ab
1052 2618 1107 2664 or-

131 2730 258 2798 dinibus
285 2726 426 2820 eligendo
444 2725 578 2816 (uaffens
607 2729 649 2792 ds
666 2729 767 2819 lsooge
789 2726 982 2820 Oseriglteit
992 2778 1003 2810 ‚
1023 2732 1104 2798 door

130 2867 174 2934 de
199 2863 317 2934 Stetere
342 2863 537 2949 retrosus),
557 2885 662 2930 rernm
682 2863 999 2946 administrationem,
1017 2865 1106 2934 deci-

129 3005 302 3072 sionemct
325 3002 549 3069 exsecutionem
576 2999 706 3068 haberet
724 3000 807 3090 (67).
854 3002 1107 3094 Huicoollegio,

132 3166 169 3210 er
188 3141 319 3208 articulo
337 3144 358 3206 3
378 3138 534 3221 mandati,
563 3139 757 3229 competebat
774 3139 902 3208 facultas
920 3139 959 3206 ad
976 3139 1108 3212 honores

128 3277 319 3371 prorcbendi
338 3279 411 3346 istos
421 3326 431 3358 ,
451 3277 506 3368 qui
526 3290 613 3345 autea
633 3300 650 3342 a
676 3277 760 3369 Rege
777 3277 1099 3352 subministrabantur.

128 3417 288 3486 Praeterea
306 3416 336 3483 ci
361 3413 542 3483 mandatum
568 3429 633 3484 erat
661 3416 765 3508 copies
782 3419 975 3487 conscribere
993 3433 1025 3488 et
1046 3443 1105 3488 cx-

128 3568 286 3623 auctorare
316 3579 339 3622 »
354 3554 433 3622 etde
449 3555 622 3622 bouerdien
640 3557 746 3622 culeo
765 3559 805 3625 dc
828 3555 1005 3648 ovrtgtezt
1023 3553 1103 3620 ende

153 3867 210 3935 (66)
227 3868 285 3920 vid.
304 3873 352 3920 nrt.
367 3869 385 3918 3
402 3867 580 3917 instructionis
603 3865 669 3932 apud
687 3881 752 3925 rur,
772 3865 799 3915 1,.
820 3860 891 3917 XlV.
911 3867 931 3918 l.
950 3865 998 3918 175
1014 3868 1046 3918 Δ.

157 3959 214 4028 (67)
231 3959 319 4010 Groor
337 3972 529 4018 rrrxrrrrurr,
550 3956 619 4006 Tcm.
641 3955 686 4006 tv.
703 3955 722 4004 1.
743 3953 786 4007 76.
823 3954 961 4009 Artilssless
975 3975 1038 4010 soor
1055 3962 1107 4010 dou

236 4049 386 4099 Lustrocdc
411 4047 553 4112 inplestelt
575 4047 607 4112 by
630 4047 662 4096 ds
683 4047 841 4110 paunisrrds
867 4048 1044 4109 Prouincias,
1068 4053 1107 4100 tot

234 4142 346 4192 directis
362 4155 425 4192 ocor
440 4135 493 4190 ulle
510 4137 604 4190 sneksn
621 4154 653 4188 sss
670 4139 871 4208 voraciorioplts
881 4157 933 4193 ocu
940 4119 1101 4194 dsn'Lcscde.
