2754 4818
622 431 663 492 co
724 409 745 492 ζ

172 655 254 726 Mor
281 669 402 725 mutato
420 669 501 725 statu
519 678 646 739 rernm,
670 656 786 724 insidia
803 657 938 750 Reginae
955 661 989 726 in
1008 660 1112 729 Gallos

113 791 229 883 plane
238 795 379 875 cenavit,
390 791 500 862 exinde
508 818 571 886 quo
580 795 660 862 inter
670 795 779 863 illoset
787 796 965 888 Hispaniam
974 796 1114 866 dissidia

112 950 263 999 movere
281 930 455 998 successerit
466 954 562 1022 quare
571 931 736 999 consilinm
746 933 882 1024 Reginae
891 933 1112 1015 fuit,l’roain-

118 1065 202 1135 cias
228 1067 355 1160 quidem
380 1066 526 1136 subsidiis
556 1069 717 1137 sublevare
743 1067 799 1138 sed
825 1094 888 1138 non
906 1067 1025 1138 directe
1041 1071 1113 1140 bel-

119 1204 205 1274 lum
231 1227 304 1272 oum
330 1203 467 1296 Hispano
492 1229 619 1298 gerere3
655 1206 726 1296 (27)
756 1206 857 1298 qualis
883 1204 996 1299 agendi
1014 1206 1114 1289 ratio,

116 1342 177 1410 uti
199 1343 304 1410 omnia
321 1341 485 1412 commoda
502 1344 633 1434 angliae
649 1343 1011 1435 praeberetneoeesefuit
1020 1394 1031 1426 ,
1041 1343 1117 1415 dum

116 1477 255 1550 hostem
283 1494 471 1572 occupatum
502 1492 643 1562 teneret,
676 1502 736 1548 neo
755 1493 858 1548 tamen
876 1480 988 1547 sirium
1008 1481 1115 1549 inten-

81 1622 84 1628 '
119 1619 177 1687 tio
196 1631 387 1710 posceretur.

181 1756 253 1825 Hoc
268 1756 395 1824 coneilio
409 1755 578 1824 Provinciis
590 1757 747 1824 consulere
754 1757 888 1847 perrexit
896 1804 906 1837 ,
918 1777 997 1846 quae
1007 1768 1115 1847 aperte

123 1907 193 1985 'pro
212 1894 295 1960 iilius
313 1892 475 1962 commodo
499 1893 615 1962 bellum
634 1893 819 1962 ridebantur
836 1915 965 1985 gerere,
983 1892 1028 1960 sio
1046 1892 1114 1960 dis·

117 2031 222 2099 sidiae
248 2055 276 2122 a(
294 2031 382 2099 Duce
405 2031 577 2124 Aleneonio
605 2055 635 2102 at
667 2035 753 2100 1583
784 2044 883 2098 motas
900 2029 1008 2097 sedare
1039 2042 1112 2096 ten-

121 2170 226 2253 tarit3
260 2170 330 2260 (28)
353 2168 485 2239 Ordines
501 2168 670 2237 admonens
690 2167 731 2235 de
748 2167 888 2258 periculo
906 2165 1112 2248 imminente,

74 2303 85 2325 s
122 2307 154 2373 ai
186 2307 308 2374 Ducem
336 2307 528 2399 fratremque
549 2306 662 2397 ipsius,
698 2305 816 2374 Galliae
839 2326 944 2396 regem
972 2303 1114 2372 inimicos

124 2445 193 2512 sibi
219 2443 405 2527 redderent,
434 2444 510 2512 dum
535 2445 601 2536 ipsa
619 2467 683 2512 non
701 2444 774 2512 satis
792 2443 929 2525 valeret,
953 2425 1113 2509 utcontra

125 2562 249 2648 tantm
281 2580 345 2648 rim
373 2581 506 2649 Ordines
526 2579 717 2648 defenderet.
774 2580 879 2670 Atque
897 2578 976 2646 hacc
995 2576 1114 2646 adhor-

129 2718 211 2784 tatio
239 2730 366 2807 pactum
395 2717 600 2806 prorisorium
626 2716 803 2806 properarit
841 2715 906 2794 diei
933 2719 977 2785 28
1008 2716 1114 2784 Martii

132 2858 235 2923 1583.
282 2851 401 2942 Regina
430 2866 535 2918 tamen
561 2852 595 2918 in
613 2850 679 2918 dics
697 2851 795 2942 magis
813 2852 973 2942 magisque
990 2851 1114 2919 recessit

127 3015 148 3060 a
170 3014 243 3058 cura
266 2990 378 3057 harum
396 2987 550 3057 ditionum
569 2989 752 3071 coeffectn,
775 3002 811 3056 ut
828 2988 959 3055 mortuis
967 2987 1112 3079 Principe

129 3111 302 3181 Ammineo
328 3123 360 3178 et
388 3111 478 3178 Duce
499 3108 692 3200 Alenoonio,
715 3132 793 3175 nora
811 3109 924 3200 legatio
942 3110 1113 3176 necessaria

7 3249 10 3256 ’
127 3250 243 3332 fuerit,
268 3247 308 3314 ad
323 3247 461 3316 subsidia
479 3246 671 3340 imploranda
691 3247 731 3314 ab
751 3247 844 3316 unico
860 3247 977 3339 populo
988 3297 999 3330 ,
1022 3249 1110 3340 cujus

128 3401 197 3456 tum
216 3386 386 3467 intererat,
411 3399 446 3454 ut
461 3387 580 3455 coactio
598 3387 831 3455 Provinciamm
848 3384 1108 3456 adhnoresisten·
1156 3435 1160 3444 .

132 3525 214 3594 tium
237 3537 435 3594 averteretur.

138 3813 493 3830 m.-

142 4029 201 4094 (27)
218 4046 243 4078 r.
262 4047 287 4079 ι.
306 4030 394 4079 Vrrrr
416 4027 556 4077 Memorio!
572 4029 620 4077 dcc
639 4024 755 4074 troubles
773 4025 800 4077 L.
822 4039 846 4075 v.
868 4023 922 4076 cai
939 4043 965 4091 p.
985 4023 1028 4077 78.

141 4121 199 4188 (28)
217 4122 268 4172 Bon
285 4121 312 4177 1..
332 4120 403 4171 xvn
419 4121 437 4172 s.
459 4119 492 4168 46
506 4135 580 4182 seqq.

962 4235 980 4293 4
