2762 4814
734 427 796 490 102

273 673 477 754 exspectatam
512 657 672 730 redituum
704 679 875 739 summam,
909 680 990 748 quae
1023 672 1090 725 erat
1119 660 1252 728 circiter

274 804 418 882 100,000
454 797 652 868 flerenorom.
703 796 790 866 Nora
817 793 956 862 remedia
981 793 1057 862 bino
1087 818 1248 888 propone-

269 959 306 1006 re
336 955 460 1004 neeeaoe
494 948 580 1016 erat,
623 948 655 1002 et
698 934 817 1002 tributa
847 931 1013 1034 ordinaria⁴
1030 931 1070 999 ad
1101 938 1250 1015 600,000

270 1075 342 1146 fler.
370 1074 503 1168 proferri
530 1086 689 1164 rogantes,
714 1072 806 1162 (103)
826 1071 878 1139 die
900 1075 937 1138 11
958 1071 1102 1139 Jannarii
1119 1073 1253 1141 modum

271 1211 437 1282 eraetionio
466 1212 499 1280 in
517 1233 584 1280 rem
602 1211 802 1280 aomtuariam
821 1209 998 1302 ponendum
1008 1259 1018 1291 ,
1042 1234 1137 1301 qoam
1158 1213 1253 1280 citis·

271 1352 350 1420 rima
367 1349 554 1420 mnaiderari
573 1361 733 1442 oportere,
750 1347 921 1417 Prorintiir
938 1349 1142 1431 nunciarunt,
1152 1351 1250 1440 pari-

166 1535 169 1542 ι
274 1504 323 1560 ter
350 1488 550 1582 abrogatione
565 1488 696 1580 portorii
714 1487 894 1557 Prorinoiae
911 1488 1039 1555 nomine
1058 1487 1251 1556 ameroibna

272 1627 365 1696 illatio
387 1626 550 1718 exigendi,
572 1626 729 1717 propositi
752 1625 857 1714 (104).

313 1763 494 1832 Provinciae
518 1762 685 1831 Hollandia
711 1776 743 1831 et
770 1761 934 1830 Zoelanriia
954 1785 1051 1853 quum
1071 1775 1246 1854 reparatum

272 1900 426 1970 aerarium
457 1899 629 1982 baberent,
662 1923 761 1991 equo
779 1923 837 1992 pro
855 1913 922 1967 rata
940 1913 1029 1992 parta
1046 1899 1160 1967 auxilia
1180 1901 1249 1968 ale-

268 2041 382 2109 bantur
391 2039 424 2106 in
434 2062 524 2108 urum
533 2037 1050 2120 connnnnem,rioutiisoonoessum
1061 2053 1139 2120 erat,
1151 2041 1246 2130 (105)

269 2177 365 2245 etiam
389 2199 473 2245 nune
492 2177 631 2245 sufficere
648 2189 790 2269 poterant
808 2177 1015 2267 obligatione,
1038 2190 1159 2268 praeter
1177 2201 1244 2244 nu-

267 2335 388 2378 merum
417 2335 593 2380 concentum
605 2361 615 2393 ,
650 2326 746 2380 totam
774 2313 932 2382 eohortem
957 2316 1044 2382 oneri
1069 2337 1123 2382 sno
1146 2317 1241 2384 eunoi-

268 2446 388 2540 piendi.
413 2448 520 2537 (106).

313 2588 419 2678 Atque
435 2587 554 2678 Regina
573 2587 605 2654 in
623 2586 728 2656 locum
746 2592 833 2656 5000
850 2589 1009 2670 militum,
1025 2613 1103 2676 quor
1118 2587 1241 2657 foedere

269 2725 303 2798 0.
333 2727 449 2797 tran.
473 2731 558 2796 1578
577 2725 640 2794 buo
657 2727 783 2794 mittere
807 2729 1008 2818 promiserat,
1033 2742 1154 2797 mutato
1172 2749 1244 2795 oon·

266 2865 355 2946 titio,
388 2866 497 2956 quovis
527 2887 634 2932 mense
661 2869 808 2948 400,000
836 2865 905 2935 flor.
934 2867 1110 2956 praestabat
1129 2869 1242 2934 exerci-

265 3002 313 3070 tui
322 3002 355 3069 in
364 3002 529 3071 Germania
538 3003 667 3072 oolleoto
676 3003 975 3096 impendendorum,
994 3006 1111 3096 quique
1119 3006 1167 3073 ibi
1178 3004 1240 3074 Go-

263 3139 340 3210 mite
358 3139 497 3208 Palatino
518 3141 639 3208 Joanne
662 3139 825 3210 casimirio
848 3141 944 3225 duee,
968 3157 1044 3211 erat.

306 3273 358 3342 td
393 3276 598 3366 supplendum
628 3278 712 3369 qnod
740 3281 951 3372 supputationi
982 3304 1055 3348 snae
1085 3280 1234 3363 defuerit,

261 3410 393 3481 ordines
422 3411 547 3502 insuper
577 3413 800 3499 decreverunt,
825 3440 948 3509 quaque
965 3417 1159 3486 hebdomade
1175 3419 1236 3486 tri-

271 3688 417 3754 (10³)1too
436 3703 583 3738 eonoatanm
603 3687 679 3739 suinae
695 3689 757 3739 ratio
774 3695 884 3742 eonttat.
904 3691 1021 3742 rideatur
1039 3693 1098 3743 Rae
1120 3693 1151 3743 16
1170 3693 1240 3745 Febr.
1310 3757 1315 3766 Ι

369 3779 436 3846 apud
461 3795 559 3830 roenna
576 3779 609 3831 V.
627 3797 653 3846 p.
673 3781 733 3832 211.

270 3867 423 3935 (100103.
454 3861 516 3922 Orci.
542 3871 618 3924 Geel.
640 3871 714 3922 0.11
737 3873 795 3925 ian.
817 3872 883 3925 1578
900 3873 967 3940 opud
986 3890 1084 3926 rorat!
1099 3877 1129 3928 Τ.
1149 3875 1195 3931 tv.
1212 3893 1238 3945 p.

365 3958 514 4011 nte-268.
554 3999 556 4004 ,

267 4049 343 4114 (105)
360 4047 421 4098 nn.
440 4048 466 4097 0.
488 4049 522 4098 23
537 4051 599 4101 beo.
624 4050 690 4104 1577
709 4055 735 4103 in
756 4053 827 4105 Baal.
849 4057 874 4108 d.
897 4055 992 4108 Stetere
1015 4058 1092 4108 Geni,

272 4139 345 4204 (106)
364 4139 424 4189 Ber.
446 4139 473 4189 1.
495 4139 588 4192 1111.
606 4141 640 4190 20
660 4138 690 4192 B.
