2762 4814
519 454 640 515 ‚77

109 679 194 746 dat
213 705 270 768 aoy
292 681 427 748 ducrtoe
445 683 566 748 cauden
586 685 701 748 willan
719 685 972 751 nominavervdcn
983 685 1112 754 Princo

109 839 198 884 vau
223 816 414 910 Oracngieu
430 819 512 908 (39).

180 957 360 1024 Nominatio
377 959 557 1024 successoris
576 959 657 1025 facta
677 973 723 1026 est
741 957 793 1024 die
816 962 857 1026 10
873 959 951 1027 Nov.
962 983 990 1028 a.
1004 965 1108 1041 1584,

114 1107 261 1184 rogante
295 1095 359 1185 ipsa
388 1096 568 1165 Provincia:
600 1105 679 1187 quae
707 1109 873 1187 postquam
894 1095 1026 1164 Ordines
1045 1099 1109 1166 Ge·

115 1233 248 1298 neraies
275 1231 314 1298 de
335 1246 435 1301 morte
464 1234 685 1302 Gubernatoris
720 1235 867 1303 certiores
907 1237 1049 1317 fecisset,
1079 1251 1111 1302 et

112 1391 182 1458 pro
209 1370 263 1436 illo
283 1369 436 1439 Comitem
456 1373 645 1439 Gulielmum
664 1371 859 1440 Ludovicum
873 1375 1106 1464 Nassaviaepc-

116 1505 247 1587 tiisset,
267 1506 342 1573 huic
361 1508 414 1575 illa
432 1507 564 1598 dignitas
585 1509 686 1578 delata
704 1522 748 1578 est
760 1510 843 1598 (40).

174 1642 338 1711 Provincia
370 1645 672 1738 Rheno-Trajectina
707 1648 792 1716 aliud
825 1649 916 1738 hujus
944 1649 989 1714 rei
1018 1648 1106 1714 offert

121 1781 316 1870 exemplum.
371 1784 548 1875 Principem
579 1785 779 1853 Guilielmum
808 1787 841 1867 Ι,
876 1810 894 1852 a
923 1787 1009 1876 Rege
1036 1787 1104 1876 ipso

116 1919 192 2006 ejus
219 1918 397 1986 Provinciae
426 1921 669 1990 Gubernatorem
690 1937 853 2005 creatum,
877 1923 1009 1991 Ordines
1026 1924 1104 1989 Pro-¹

120 2058 287 2138 vinciaies,
312 2057 491 2126 Catholicae
506 2061 648 2150 religioni
656 2060 856 2126 vehementer
867 2059 1002 2141 addicti,
1014 2083 1103 2150 prac-

118 2197 241 2264 valente
262 2197 380 2288 quippe
399 2197 432 2261 in
447 2197 507 2263 iilis
530 2196 744 2287 Oapitulornm
763 2196 926 2287 opinione,
951 2199 1104 2288 quaesola

118 2336 249 2403 tertium
276 2335 455 2402 membrum
480 2334 591 2401 horum
623 2333 776 2401 Ordinurn
804 2333 981 2402 efficiebant
1013 2337 1102 2404 acci-

115 2498 195 2564 pere
223 2478 316 2567 eique
338 2474 471 2542 ”obedire
499 2476 686 2554 noluerunt,
710 2474 834 2565 quando
854 2477 1001 2568 Princeps
1021 2501 1101 2546 anno

123 2617 231 2691 1577,
264 2613 296 2677 vi
318 2611 458 2677 mandati
480 2611 579 2699 regii,
603 2609 681 2676 illud
703 2589 947 2700 regimensadire
964 2617 1097 2686 volebat.

122 2748 188 2840 Ipsi
215 2760 319 2815 autem
339 2748 379 2812 ab
399 2745 568 2814 Ordinibus
587 2747 789 2814 Generalibus
800 2797 811 2828 ,
835 2749 970 2838 aliquem
989 2769 1100 2842 expos·-

115 2889 233 2955 cebant
248 2885 382 2953 consiliis
392 2898 424 2952 ct
434 2884 573 2974 opinioni
581 2907 653 2951 suae
664 2884 761 2974 magis
771 2885 1025 2968 convenientem,
1044 2887 1100 2954 de-

115 3028 339 3118 signatumque
363 3021 518 3091 Oomitem
539 3022 578 3088 de
597 3023 692 3090 Bossu
717 3035 751 3090 ut
777 3021 971 3112 aptissimum
1001 3027 1093 3115 (41);

120 3187 215 3256 quem
236 3162 368 3232 Ordines
388 3161 552 3230 Generales
572 3160 697 3228 decreto
716 3159 748 3232 d.
768 3163 811 3228 26
829 3160 993 3249 Februarii
1012 3163 1096 3232 inte·

116 3304 174 3368 rim
199 3301 247 3368 ibi
270 3323 430 3368 remanere
447 3303 614 3390 jusserunt.

40 3499 52 3515 .
159 3442 264 3508 Mense
285 3453 387 3506 tamen
407 3437 535 3506 Octobri
550 3435 687 3528 ejusdcm
702 3439 773 3504 anni
785 3441 878 3508 altera
888 3465 957 3532 pars
971 3493 979 3522 ,
1004 3443 1093 3508 Prin-

141 3853 200 3918 (39)
221 3851 358 3902 Chortcrb.
374 3850 466 3902 MV.
485 3867 514 3915 p.
534 3850 593 3898 165.

144 3943 200 4008 (40)
220 3942 357 3994 Gbartcrb.
373 3942 403 3991 Ι).
422 3941 465 3990 lv.
483 3958 510 4006 p.
531 3939 591 3988 512.

143 4031 197 4101 (41)
215 4035 277 4084 Vide
304 4035 411 4083 litteras
432 4031 552 4082 ordinum
576 4027 728 4094 UltraJecti,
758 4025 824 4092 apud
849 4043 961 4090 rornru,
989 4034 1011 4080 t.
1030 4031 1052 4080 1.
1071 4047 1097 4094 p.

224 4115 373 4186 ias-180,
387 4123 477 4174 mensis
486 4123 614 4173 Februarii
626 4119 709 4181 1577,
722 4124 748 4171 et
759 4120 823 4187 apud
832 4138 877 4177 ror
888 4123 915 4170 L.
927 4121 957 4174 X,
972 4123 989 4171 f.
1000 4122 1052 4170 220
1063 4123 1094 4172 Δ.
