2754 4818
566 464 573 482 '
615 506 633 564 5

132 723 249 814 ubique
279 709 489 793 crudelissime
517 726 752 817 indulgentium.
799 731 836 795 ln
854 729 917 797 hac¹
933 731 1102 798 vehemen-

130 861 245 928 tissimi
272 862 523 945 conturbatione,
552 886 632 954 quae
656 865 782 955 siugulis
801 867 986 962 Provinciis,
1010 870 1102 936 urbi-

128 996 202 1077 bus,
227 999 404 1090 civibusque
419 999 507 1067 brevi
517 1003 645 1068 exitium
656 1017 721 1069 erat
729 1005 870 1085 allatura,
881 1029 952 1072 eum
962 1004 1100 1075 Concilio

127 1132 232 1202 Status
258 1135 409 1226 praesidia
434 1136 571 1206 deessent
584 1139 631 1230 ,ad
651 1141 774 1207 frenum
792 1142 937 1210 licentiae
955 1145 1101 1234 injicien-

127 1267 203 1336 dum
230 1284 260 1338 et
287 1274 333 1339 rei
349 1275 494 1365 publicae
511 1277 784 1368 prospiciendum,
808 1304 862 1347 sua
881 1280 1007 1371 singulis
1026 1282 1103 1348 salus

125 1403 282 1490 c'uranda,
306 1412 429 1503 suisque
451 1416 568 1482 viribus
590 1415 705 1483 tuenda
728 1418 800 1486 luit.

171 1543 346 1614 Concilium
371 1549 473 1617 Status
498 1551 530 1617 in
550 1555 667 1619 summa
690 1553 866 1620 versabatur
884 1555 1036 1644 pecuniae
1054 1553 1101 1618 in-

123 1682 213 1772 opid3
246 1682 285 1749 de
308 1708 369 1774 qna
383 1689 450 1776 jam
469 1689 691 1778 Requeseutius
710 1689 908 1756 vehementer
927 1713 999 1756 cum
1016 1691 1101 1780 Rege

124 1820 366 1910 expostulaverat
385 1823 445 1912 (4).
492 1825 624 1907 Milites,
650 1826 762 1917 quibus
781 1825 935 1918 stipendia
953 1850 1015 1893 non
1035 1826 1100 1892 sol-

125 1958 293 2041 vebantur,
323 1962 380 2028 sub
411 1947 616 2052 Requesentio
631 1965 697 2052 jam
716 1963 769 2029 bic
788 1978 818 2031 et
837 1963 901 2029 illic
919 1963 1101 2029 tumultuari

125 2110 301 2188 coeperant.
359 2097 472 2166 Contra
494 2123 569 2190 quos
588 2123 673 2166 arma
693 2100 839 2191 capiendi
858 2102 924 2190 ipse
939 2100 1101 2167 Guberna-

124 2248 172 2302 tor
200 2236 339 2317 civibus,
373 2258 424 2304 rus
454 2237 678 2320 incolentibus,
711 2240 744 2304 iu
763 2237 931 2304 Brabantid
952 2251 983 2304 et
1001 2239 1098 2304 Flan-

121 2373 186 2439 dria
217 2375 338 2465 copiam
363 2375 478 2476 facetat
498 2375 559 2463 (5).
607 2378 698 2444 Nunc
715 2398 787 2441 vero
807 2375 942 2465 generali
960 2376 1097 2442 militum

41 2499 45 2505 ¹
121 2511 272 2579 seditione
287 2525 407 2595 exorta,
433 2511 677 2581 ConcilioStatns
692 2515 775 2580 nulla
797 2514 856 2580 alia
876 2514 923 2580 via
934 2535 997 2581 sese
1006 2537 1099 2604 erpe-

119 2651 226 2718 diendi
256 2665 432 2742 supererat,
463 2651 524 2718 nisi
552 2665 587 2718 ut
611 2650 782 2720 Ordinibus
799 2651 947 2718 universis
965 2653 1097 2742 singula·

118 2813 191 2857 rum
213 2790 444 2856 Provinciarum
470 2801 653 2877 potestatem
677 2788 782 2866 daret,
807 2787 944 2853 remedia
964 2787 1099 2857 delensi-

121 2929 190 2996 onis
212 2926 274 2994 suis
296 2926 442 3016 impensis
464 2921 608 3014 parandi.

165 3065 305 3131 Primum
334 3062 416 3128 hanc
443 3061 620 3126 facultatem
653 3057 869 3141 obtinuerunt,
902 3082 1000 3150 eaque
1020 3085 1098 3129 con-

118 3200 222 3268 festim
242 3201 289 3266 usi
308 3211 399 3280 sunt,
424 3197 556 3266 Ordines
574 3197 780 3279 brabantiae3
807 3210 841 3292 ut
861 3210 967 3264 contra
983 3199 1098 3268 milites

116 3309 288 3428 Hispanos,
314 3335 518 3426 Campaniam
539 3319 800 3425 (Kempen-land)
819 3336 1020 3433 populantes,
1044 3359 1097 3403 oo·

116 3475 183 3564 pias
210 3486 364 3554 armatas,
397 3473 458 3540 duo
484 3473 602 3540 scilicet
619 3471 719 3538 millia
737 3471 902 3563 peditum,
927 3486 1098 3540 sexcentos-

119 3633 180 3700 que
201 3613 342 3702 equites,
365 3633 420 3677 suo
443 3611 569 3676 nomine
593 3609 822 3678 conscriberent
847 3609 910 3698 (6).

143 3989 183 4055 (4)
202 3991 270 4052 Βοι,
292 3991 319 4044 t.
338 3991 400 4042 VIII
419 3993 438 4045 l.
460 3989 510 4040 134
528 3991 569 4042 B.·

145 4080 185 4146 (b)
203 4082 273 4142 lion,
293 4081 353 4133 ibid.

146 4171 186 4237 (6)
205 4173 307 4235 rasus,
329 4175 421 4224 Gomm.
441 4174 467 4223 l..
489 4173 528 4224 lll
548 4173 558 4238 )
579 4172 639 4238 op.
659 4169 719 4222 202.
757 4169 810 4222 lter
830 4168 856 4220 l.
875 4169 910 4219 lx
927 4169 945 4218 l.
968 4166 1013 4218 l7l
1033 4165 1065 4216 Δ.
