2762 4814
619 378 658 438 71

18 611 21 618 ’
130 635 203 700 con
218 609 391 680 Ordinibus
407 607 575 675 declaravit
589 629 621 674 se
635 627 747 674 munus
755 608 930 676 Defensoris
940 606 1129 699 deposuisse.

189 749 327 821 Ordines
346 733 512 816 Generales
529 767 589 846 res.
612 735 655 814 23
674 747 754 817 Nor.
774 749 858 816 1578
873 749 1127 841 gradaseiegrmt

132 900 256 958 eorum
284 900 364 978 quae
388 885 484 971 fecit,
509 906 643 976 eumque
668 885 762 953 valiis
789 884 891 955 modis
909 885 1129 970 blandiuntur,

137 1027 212 1095 imo
226 1025 438 1118 promittunt,
459 1023 543 1114 quod
561 1024 586 1091 si
604 1036 676 1092 ante
695 1021 781 1089 diem
802 1027 818 1090 1
839 1024 964 1105 Martii,
981 1047 1039 1115 pax
1052 1048 1131 1093 non·

138 1163 222 1232 dum
240 1164 318 1230 inita
332 1162 371 1230 sit
380 1184 452 1229 cum
463 1162 566 1254 Rege,
583 1185 615 1229 se
625 1160 797 1229 deliberare
806 1162 921 1229 vellent
932 1159 1133 1230 dedelalione

111 1381 115 1388 ι
140 1303 191 1372 illi
216 1297 359 1368 facienda
379 1280 494 1368 summi
513 1301 694 1392 regiminis,
709 1314 805 1391 atquc
821 1300 948 1367 interim
961 1313 1052 1391 pacta
1063 1321 1134 1366 cum

139 1441 233 1509 Duce
250 1440 331 1506 inita
348 1439 469 1530 integra
486 1461 517 1506 se
535 1443 705 1507 servaturos
723 1437 877 1506 affirmant
889 1437 972 1528 (25).

188 1577 296 1668 Mense
322 1576 399 1668 Maji
429 1580 535 1659 1579;
563 1574 784 1669 explorandum
801 1580 869 1670 jam
885 1577 1129 1672 constituerunt,

144 1737 225 1784 num
245 1715 364 1785 occasio
383 1711 498 1784 idonea
505 1713 644 1795 adesset,
665 1737 816 1789 summam
825 1713 1041 1782 auctoritatem
1050 1713 1133 1780 Duci

146 1852 324 1944 d'Alenpon
348 1852 530 1935 deferendi,
550 1865 630 1921 'cum
646 1865 821 1934 constaret,
843 1876 919 1942 opus
937 1874 1001 1918 esse
1021 1853 1129 1940 reipu-

143 1991 246 2059 blicae
277 1991 443 2083 Principe,
475 1991 530 2082 qui
549 2013 690 2082 praesens
711 2003 824 2060 cuneta
842 1989 966 2080 negotia
985 1987 1133 2054 dirimere

147 2142 262 2221 posset.

192 2266 336 2336 Eundem
358 2267 392 2334 in
411 2265 607 2352 ¹linem‚mox
616 2263 749 2334 Ordines
761 2264 926 2332 Generalea
934 2261 1132 2333 Hollaudiam

82 2381 87 2390 ’
144 2419 176 2474 et
194 2406 414 2488 Zeelandiam,
433 2405 557 2496 scriptis
570 2401 683 2473 litteris
693 2402 733 2470 ad
744 2402 906 2472 domiuum
915 2401 1133 2471 assumendum

145 2567 268 2613 movere
296 2544 401 2611 conati
421 2557 492 2610 sunt
508 2542 593 2632 (26),
612 2546 800 2633 magnopere
832 2543 936 2610 omnia
967 2539 1132 2609 commoda

145 2681 215 2748 tulis
235 2680 298 2748 acti
317 2676 588 2769 commendantes,
608 2691 640 2744 at
658 2679 770 2746 fruma
781 2677 863 2766 (27).

115 2902 120 2908 ,
194 2813 259 2886 Sed
276 2818 377 2908 ruptis
396 2816 543 2884 Coloniae
563 2813 836 2881 deliberationibus
855 2828 886 2880 et
906 2812 1041 2903 denique
1052 2812 1133 2906 facta

144 2956 340 3048 abjuratione
356 2955 481 3021 solemni
493 2952 689 3022 obedientiae
698 2955 765 3044 regi
774 2951 923 3043 Philippo
931 2948 1131 3043 praestandae

147 3094 345 3182 (28),rerum
354 3087 568 3185 opportunitas
577 3092 669 3184 plane
678 3104 796 3159 mutata
806 3103 851 3158 est
863 3141 872 3172 ,
883 3111 941 3156 nec
952 3085 1029 3180 quid
1040 3099 1132 3178 opta-

104 3195 107 3201 ·
144 3231 238 3300 bilius
263 3231 324 3298 fuit
343 3254 438 3322 quam
457 3231 636 3323 Principem
655 3230 778 3298 allicere
799 3231 854 3321 qui
877 3251 1005 3320 compos
1026 3240 1124 3306 esset,

143 3369 335 3460 reipublicae
363 3367 537 3448 deficienti,
552 3357 769 3437 certo'auxilio
788 3391 978 3439 succurrere.
1027 3365 1131 3435 Paruit

179 3801 236 3866 (rs)
253 3803 324 3861 aas,
344 3803 372 3852 r.
392 3801 466 3852 nur.
485 3803 504 3853 r.
526 3800 568 3851 75.
588 3803 621 3853 A.

178 3894 236 3960 (uc)
253 3895 320 3955 aas,
343 3895 370 3943 ι.
387 3894 467 3954 rur,
490 3895 509 3944 r.
534 3892 582 3941 1³2
603 3906 675 3954 seqq.

103 4019 105 4023 -
179 3983 236 4050 (27)
254 3985 342 4037 Reaoi.
361 3983 431 4037 uon.
452 3986 500 4046 18,
519 3983 554 4034 24
572 3986 639 4048 Aug.
660 3980 736 4033 1579.

176 4076 233 4140 (28)
252 4075 338 4126 Resol.
363 4075 427 4127 Ord.
450 4075 521 4126 Gen.
541 4075 565 4124 d.
576 4074 609 4124 26
621 4072 683 4124 Julii
693 4065 766 4124 1580.
786 4073 854 4136 lion,
868 4073 895 4126 l.
905 4069 971 4125 XVI.
984 4075 1002 4124 l.
1013 4073 1048 4124 35
1059 4087 1130 4134 seqq.
