2766 4822
268 760 440 853 cupiditate
458 759 570 850 quietis
588 757 813 841 restituendae,
833 756 908 824 dum
927 769 1048 826 tantum
1062 757 1155 826 rellet
1169 782 1251 850 pro-

268 897 383 966 uincias
400 896 434 964 iu
453 909 566 972 statum
584 895 733 964 reducere
752 917 788 962 ac
795 886 955 986 regiminis
976 893 1127 976 lormmn,
1144 896 1249 986 qualis

269 1035 372 1104 luerat
392 1047 533 1126 tempore
555 1033 658 1102 Caroli
680 1031 720 1101 V.
745 1030 828 1122 (18).

313 1172 374 1241 llie
394 1177 436 1240 30
454 1170 597 1239 Januarii
613 1169 646 1236 iu
669 1151 851 1237 concionem
868 1166 1164 1237 renitdominusde
1175 1167 1249 1238 Sel·

266 1311 329 1394 les,
360 1333 378 1376 a
397 1311 482 1401 Rege
498 1310 607 1377 missus
629 1305 670 1374 ad
687 1305 856 1377 Ordinibus
876 1306 1052 1398 opinionem
1071 1307 1166 1397 Regis
1186 1307 1245 1372 en·

264 1446 462 1541 plicandam,
486 1448 568 1516 circa
583 1448 721 1528 litteras,
746 1466 825 1536 quae
841 1443 899 1536 ipsi
915 1457 1005 1512 antea
1013 1456 1100 1510 erant
1109 1443 1242 1524 missae,

266 1607 303 1652 ac
332 1553 515 1674 dequibus
544 1606 635 1674 supra
665 1582 838 1652 dicebatur.
884 1582 953 1650 Hac
973 1581 1152 1664 occasione,
1178 1584 1243 1650 Rex

265 1719 442 1788 declarabat
485 1719 555 1808 (19)
590 1741 622 1787 se
648 1719 744 1786 alium
768 1731 891 1810 praeter
917 1717 1069 1788 Joiinnem
1098 1737 1159 1786 non
1190 1733 1244 1786 to-

264 1861 364 1930 lerare
400 1859 668 1940 Gubernatorem,
697 1857 851 1949 uniceque
885 1879 999 1948 cupere
1025 1856 1242 1924 auctoritatem

265 2022 350 2067 suam
362 2049 372 2080 ‚
405 2012 437 2067 et
466 1997 646 2089 religionem
673 1992 1021 2062 Romano-catholicam
1036 1995 1137 2098 salvas
1155 2015 1237 2076 esse;

266 2138 313 2203 uti
333 2149 364 2203 et
387 2148 497 2204 cuneta
517 2133 557 2200 ud
575 2155 644 2200 eam
662 2133 792 2201 formam
813 2129 975 2222 redigere,
999 2153 1092 2222 quam
1114 2129 1241 2200 Carolus

264 2273 293 2336 v
311 2271 455 2362 regimini
474 2292 527 2336 suo
538 2267 676 2338 dederet.
723 2268 842 2335 Horum
855 2283 957 2336 eutem
965 2268 1237 2360 perficiendorum,

162 2443 165 2452 «
266 2429 298 2475 se
319 2407 433 2474 Joauni
457 2405 617 2473 lustriaco
635 2405 759 2496 plenam
781 2406 1142 2502 potestatemdetulisse.

311 2544 369 2612 His
403 2542 516 2611 auditis
528 2595 538 2626 ‚
569 2542 701 2612 Ordines
723 2543 791 2645 'ime
819 2568 891 2612 cum
919 2546 1112 2615 convictione
1135 2548 1247 2618 statim.

266 2681 402 2750 oblocuti
421 2694 508 2764 sunt,
523 2681 689 2772 probantes
703 2705 739 2748 ea
753 2704 925 2773 repugnare
939 2683 1118 2751 foederibus
1134 2684 1234 2768 initis,

265 2819 340 2887 dum
369 2843 445 2913 paee
474 2821 805 2913 Gaudareusi,‘quam
825 2835 856 2888 et
879 2823 944 2912 ipse
964 2823 1028 2889 Res
1051 2837 1235 2914 agnoverat,

264 2959 411 3050 abrogata
437 2972 534 3027 essent
564 2959 693 3039 Edicta,
727 2961 867 3051 aliaeque
895 2958 1109 3050 dispositiones
1134 2957 1237 3028 Caroli

262 3094 315 3174 V,
348 3119 427 3184 quae
454 3118 554 3175 nunc,
583 3109 690 3163 eontra
708 3118 831 3163 omnem
849 3096 946 3172 ,fidem
965 3098 1152 3165 restituenda
1172 3122 1236 3166 esse

263 3230 410 3298 credebat
429 3232 509 3300 Rex:
538 3231 609 3318 (20)
629 3245 750 3321 paratos
767 3257 849 3302 rero
860 3235 952 3301 etiam
970 3259 1052 3302 nunc
1067 3260 1131 3304 sese
1146 3238 1234 3310 affir-

262 3379 349 3434 mant
374 3365 527 3446 Ordines,
551 3367 591 3432 ed
609 3367 787 3458 religionem
808 3372 1156 3442 Romano-Catholioem
1175 3388 1237 3442 sta-

262 3503 432 3613 biliendam
465 3503 632 3572 secundum
658 3528 776 3574 morem
800 3484 876 3599 pece
896 3511 1097 3580 Gandevense
1115 3513 1234 3580 eonsti-

258 3698 578 3716 W·

291 3808 348 3873 (se)
366 3811 416 3859 so.
438 3789 464 3858 r.
482 3809 541 3861 xu.
561 3809 579 3860 s.
601 3809 632 3858 12
649 3811 680 3862 s.

291 3901 348 3960 (19)
368 3901 535 3949 Burrrrocuo
547 3901 639 3951 Store’u
650 3901 834 3952 ‹li‘Fs'uuclruL
856 3903 886 3951 X.
899 3919 925 3966 p.
940 3901 997 3954 197.
1018 3904 1067 3954 lica
1079 3903 1126 3952 ΧΗ
1138 3904 1156 3954 l'.
1170 3903 1198 3950 16
1210 3904 1238 3954 Β.

291 3991 348 4056 (co)
367 3991 433 4038 nete.
466 3991 529 4044 oro.
561 3993 625 4045 cos.
645 3994 696 4044 eres
713 3993 743 4041 re
761 3993 834 4042 rens.
854 3983 929 4045 1578.
966 3997 1034 4057 nos,
1054 3997 1072 4046 r.
1096 3996 1142 4055 m.
1161 3997 1188 4046 e.
1210 4000 1238 4044 u

347 4079 382 4128 ns
399 4078 471 4130 reor.
489 4081 506 4130 r.
527 4081 561 4130 20
579 4088 609 4130 s.

271 625 445 724 iterumque
477 622 644 690 obtestatm
677 633 743 704 est,
776 618 816 688 de
843 619 933 688 bouis
956 621 1021 688 suia
1047 620 1183 710 consiliis
1209 643 1254 687 ac
1357 325 1370 1090 (Ι

1358 1125 1370 1668 l

1357 1715 1370 2438 l
