2762 4814
600 406 640 465 73

178 633 301 700 Bellum
323 644 409 722 geret
429 632 600 748 Pripceps‚
618 654 671 701 suo
691 634 813 702 nomine
839 636 1039 725 ¹recipietque
1063 609 1110 704 ¹ab

136 769 312 840 Ordinibus
347 781 430 834 certa
456 767 593 834 subsidia
605 793 613 850 ;
646 769 741 835 etiam
769 772 915 838 exercitui
950 773 1110 864 praeficiet

133 905 349 996 praefectum,
370 900 539 971 Ordinibus
556 914 698 993 gratum,
718 916 777 974 art.
800 907 858 985 18,
879 907 933 974 19.

182 1041 261 1132 ltegi
289 1040 407 1109 Galliae
424 1038 607 1131 persuadere
627 1040 792 1109 conabitur
809 1039 850 1106 ad
867 1041 986 1108 bellum
1004 1043 1112 1111 serena

133 1179 210 1246 dum
237 1179 271 1243 in
294 1177 487 1268 Hispaniam,
532 1177 644 1268 Neque
668 1191 771 1246 tamen
795 1180 976 1248 Provinciae
993 1194 1113 1250 nostrae

130 1339 269 1408 unquam
287 1337 381 1407 regno
399 1314 520 1383 Gallico
538 1313 665 1406 adjungi
682 1280 846 1407 poterunt,
865 1329 926 1408 πῖ.
945 1323 998 1388 16.

174 1451 245 1522 Itur¹
266 1453 382 1544 absque
399 1471 548 1520 consensu
565 1451 719 1520 ordinum
739 1476 847 1544 paoem
867 1455 917 1522 rel
930 1456 1111 1548 conventio-

130 1611 186 1657 nes
215 1589 297 1656 inire
321 1589 431 1679 nequit
465 1610 537 1654 cum
565 1587 650 1680 Rege
679 1589 815 1681 Hispano
833 1614 936 1683 neque
956 1614 1028 1659 cum
1046 1593 1111 1666 alio¹

131 1727 302 1817 Principe,
325 1726 358 1792 in
378 1723 596 1793 detrimentum
614 1726 725 1794 harum
743 1726 919 1810 ditionum,
940 1742 998 1798 art.
1017 1734 1072 1800 23.

177 1864 341 1954 Denique,
371 1862 472 1955 quoad
488 1863 668 1956 religionem
685 1861 818 1955 aliaque
828 1866 960 1945 attinet,
979 1866 1114 1932 licitam.

129 2000 182 2068 dia
202 2015 232 2069 et
250 1999 430 2083 Zeelandia,
451 2002 619 2070 manebunt
639 2005 673 2069 in
690 2015 792 2082 statu,
813 2026 875 2093 quo
888 2024 1109 2068 nuncrersan·

126 2153 198 2220 tur,
226 2138 407 2229 ceteroquin
434 2162 466 2204 se
489 2140 672 2206 submittent
693 2140 776 2206 Ituci
799 2152 830 2206 et
850 2137 1020 2208 Ordinibus
1040 2141 1106 2208 Ge-

128 2278 302 2359 neralibus,
321 2291 379 2346 art.
403 2280 456 2346 13.
1064 2259 1066 2266 Ι

169 2415 230 2484 Die
260 2418 302 2484 10
319 2414 413 2484 Febr.
444 2417 529 2484 1582
548 2416 618 2483 Dux
636 2415 824 2507 dlenponius
843 2438 879 2482 er
899 2417 1011 2507 Angiia
1026 2439 1105 2508 pro·

124 2555 244 2634 fectus,
262 2552 414 2620 ditionem
432 2574 515 2619 nunc
538 2575 623 2620 suam
634 2554 784 2643 ingressus
794 2565 840 2620 est
850 2601 861 2634 ,
872 2566 904 2620 et
914 2553 946 2622 d.
960 2556 1104 2623 torem.

124 2690 196 2757 ltux
224 2686 412 2753 Brabantiae
438 2688 642 2778 proclamatus
669 2701 732 2768 est,
753 2688 869 2778 pariter
889 2700 1008 2754 ceterae
1025 2691 1105 2755 Pro-

121 2825 246 2893 vinciae
264 2845 415 2891 summam
433 2845 538 2890 rerum
557 2823 587 2890 ei
605 2823 804 2905 detulerunt,
824 2823 1101 2913 exceptisliolian-

123 2929 195 3045 dia,
214 2959 378 3029 Zociandia
393 2973 424 3028 et
440 2961 582 3053 Trajecto
600 2959 639 3026 ad
656 2961 813 3032 Rhenum.

170 3101 241 3188 Qua
258 3101 377 3167 ratione
393 3099 485 3191 paulo
503 3112 573 3190 post
590 3101 660 3167 Dur
678 3099 762 3167 omni
779 3100 962 3167 auctoritate
976 3100 1008 3166 in
1024 3101 1104 3167 Pro·

121 3238 231 3305 vinciis
242 3237 281 3306 iis
296 3237 407 3318 etiam,
418 3260 497 3327 quae
506 3259 577 3303 cunr
586 3251 767 3328 acceperant
777 3289 787 3318 ‚
798 3237 968 3319 exciderat,
979 3239 1101 3307 notissi-

126 3397 211 3452 mum
230 3386 276 3442 est
288 3373 372 3463 (30).

152 3779 209 3846 (30)
227 3781 283 3838 vid,
315 3782 522 3831 decusationem
541 3782 643 3829 doou‘m¹
658 3769 694 3828 'do
713 3780 739 3829 io
758 3780 910 3837 Faustam,
932 3779 998 3844 apud
1018 3795 1040 3830 v.
1063 3795 1107 3829 rr-

215 3888 309 3934 rnna,
327 3874 353 3923 Ι..
375 3873 419 3924 ΧΙ.
439 3874 458 3923 i.
475 3872 527 3924 214
545 3875 576 3922 Δ.
597 3875 623 3920 ct
639 3887 700 3931 sor,
723 3871 750 3922 1,.
771 3869 841 3918 XVII
859 3872 876 3920 s.
902 3869 930 3918 41
951 3873 981 3920 Α.
