2754 4818
582 406 620 467 15

110 633 192 725 Regi
199 632 356 701 declarant
369 685 378 712 ,
403 635 451 722 (4)
464 655 495 700 se
504 646 673 700 metuentes
687 681 703 728 ⁹.
716 654 753 698 ue
762 652 922 722 perperam
933 627 972 695 ad
984 630 1086 720 ipsum
1124 593 1125 598 ἵ

107 794 128 838 e
157 772 327 863 longinquo
354 771 541 839 referrentur
567 793 616 838 res
641 782 760 862 gestae,
789 768 958 837 decrevisse
982 770 1086 836 stricta

108 910 244 978 ueritate
265 931 369 976 rerum
393 911 505 976 faciem
528 909 713 978 describere.

164 1046 274 1116 0borti
299 1061 399 1116 motus
426 1071 506 1116 auno
536 1051 644 1129 1566,
676 1047 825 1139 sapientiai
849 1044 993 1112 Ducissae
1010 1047 1088 1113 Par-

109 1186 247 1266 mensis,
280 1189 406 1276 ejusque
432 1186 678 1254 consiliariorum
704 1183 803 1252 sedati
832 1198 940 1265 erant,
973 1185 1091 1276 integra

113 1335 230 1390 semla
253 1322 337 1414 regia
353 1335 515 1415 potestate.
563 1303 805 1414 superueniente
815 1321 1017 1390 nihilominus
1026 1323 1093 1388 llu-

110 1481 149 1526 ee
168 1459 289 1528 Albano
308 1482 381 1528 eum
401 1463 500 1552 copiis
520 1461 719 1552 Hispanieis,
742 1461 891 1552 poprdus,
911 1461 1094 1551 tranquillus

73 1650 76 1656 .
111 1610 147 1664 et
172 1598 243 1688 paci
270 1595 392 1664 deditus
404 1647 414 1678 ,
447 1597 487 1664 ab
513 1598 563 1666 bis
582 1599 687 1688 pejus,
716 1620 809 1689 quam
832 1598 872 1663 ab
889 1598 1093 1666 infestissimis

112 1734 277 1816 hostibus,
306 1759 472 1826 oppressus
498 1747 582 1816 erat,
615 1736 658 1802 ita
689 1748 724 1801 ut
749 1735 836 1826 lapsu
862 1734 971 1802 decem
992 1760 1093 1805 anno-

118 1893 192 1938 rum
222 1871 277 1938 has
305 1871 477 1940 Provincias
489 1922 499 1954 ,
527 1871 601 1940 olim
628 1885 788 1963 tantopere
812 1873 974 1953 florentes,
1002 1875 1094 1963 plane
1183 1856 1189 1864 ⁸

113 2009 325 2093 exhauserim,
363 2012 396 2078 in
422 2011 605 2078 misenomm
631 2010 803 2078 incolarum
828 2009 1094 2100 desperationem,

110 2171 328 2240 summumque
350 2163 541 2218 mercaturae
559 2149 698 2215 omnium
716 2149 902 2238 populorum
919 2147 1094 2218 detrimen·

112 2299 202 2368 tum,
227 2300 320 2376 atque
344 2285 422 2353 adeo
446 2286 615 2377 Hispaniae
639 2287 744 2378 ipsius.

161 2422 204 2491 m
223 2447 307 2492 nune
325 2425 412 2492 saevi
428 2425 479 2492 isti
494 2447 703 2516 oppressores,
719 2423 818 2492 omnis
826 2423 920 2492 officii
930 2409 1092 2493 immemo-

116 2584 187 2643 res,
219 2562 366 2652 flagrante
394 2561 545 2630 seditione
571 2561 767 2654 disciplinam
790 2586 913 2630 omnem
935 2577 1097 2648 recusant,

114 2717 171 2786 per
194 2719 319 2764 omnem
339 2698 499 2786 regionem
517 2699 705 2766 trucidantes
723 2721 760 2766 ac
777 2701 980 2791 populantes,
1004 2701 1096 2767 mbi-

117 2833 238 2923 busque
258 2833 387 2901 exitium
404 2834 566 2903 minantes.
614 2833 698 2899 Talia
716 2847 862 2923 tantaque
880 2833 1018 2902 Ordines.
1030 2837 1097 2904 Ge-

117 2972 235 3040 nerales
265 2970 433 3062 adegerunt
463 2955 572 3038 modos
603 2969 736 3062 optimos
762 2969 935 3060 inquirere,
967 2937 1096 3063 quibua,

116 3110 197 3178 lactd
217 3121 307 3176 antea
324 3130 401 3200 paee
420 3129 492 3174 cum
511 3105 630 3174 duabus
638 3105 806 3174 Provinciis
823 3109 1097 3200 belligerantibus,

119 3248 263 3314 securitas
289 3269 326 3313 ac
349 3245 554 3336 tranquillitas
575 3266 631 3335 per
650 3257 775 3311 cunctas
788 3245 964 3316 Provincias
977 3248 1096 3320 insuu-

119 3387 181 3454 rari
203 3399 326 3479 possent
349 3398 380 3452 et
402 3407 475 3451 oum
497 3383 545 3450 his
568 3383 732 3450 auotoritas
756 3383 863 3475 Regia.

162 3525 220 3593 llis
246 3525 436 3616 perspectis,
470 3520 622 3610 llajestati
650 3521 754 3610 regiae
776 3522 892 3590 mirum
911 3548 973 3592 non
993 3540 1093 3609 esset,

117 3663 260 3754 propriae
280 3660 464 3730 defemionis
482 3681 572 3727 eausa
589 3680 674 3724 arma
694 3657 820 3726 tandem
843 3661 1010 3751 suscepisse
1030 3660 1094 3730 (lr-

125 3878 453 3892 -——-—--————

131 4004 170 4072 (l)
189 4003 278 4056 lettre
298 4005 344 4053 cleo
367 4003 448 4056 Etotr
471 4003 622 4055 Genercole
640 4017 677 4052 cu
697 4000 771 4063 llcy,
789 4001 815 4049 ln
833 4000 898 4053 beel.
920 4001 965 4054 dor
982 4004 1019 4057 St.
1032 4005 1097 4059 Gen.

211 4095 242 4148 n.
262 4097 274 4144 1
291 4095 327 4144 bl.
344 4094 406 4144 244.
451 4133 458 4141 .
