2754 4818
749 468 789 531 18

293 706 379 770 15⁷4
416 699 466 789 (6)
503 712 536 766 et
569 700 728 766 occasione
761 719 937 788 congressus
964 697 1112 767 Bredani.
1169 699 1276 790 Atqui

291 861 374 908 nunc
412 799 493 906 hanc
528 835 690 908 materiam
720 835 836 926 quippe
864 837 983 902 eunctis
1010 858 1109 926 aeque
1131 850 1275 926 gratam,

293 999 413 1044 summo
433 974 543 1043 ardore
560 973 741 1042 Provinciae
760 995 864 1040 omnes
884 975 1029 1063 persequi
1050 949 1276 1056 decreverunt,

294 1128 326 1181 et
338 1112 440 1180 denuo
451 1112 497 1180 uti
507 1111 641 1203 primam
650 1110 865 1178 difficultatem
874 1124 1118 1202 proposuerunt,
1143 1111 1280 1202 quodeo

293 1250 424 1318 liberius
441 1251 581 1318 fecerunt
601 1272 696 1340 quum
714 1272 749 1314 er
767 1249 920 1315 mandatis
935 1250 998 1316 suis
1013 1263 1197 1340 potestatem
1212 1251 1278 1317 lra-

292 1388 421 1478 berent',
442 1386 483 1454 de
498 1409 618 1454 recessu
634 1387 770 1454 militum
783 1411 843 1453 non
855 1389 952 1454 solum
962 1386 1151 1478 paciscendi,
1165 1412 1275 1456 rernm

293 1526 388 1592 etiam
396 1511 643 1616 eoserpellendi3
669 1547 765 1615 quare
774 1525 889 1614 Regem
899 1527 1190 1614 permovereeonati
1202 1520 1277 1593 sunt

292 1662 408 1730 milites
426 1685 570 1730 revocare
589 1685 680 1730 »cca
706 1685 767 1754 que
787 1664 984 1728 carltremerrt
1002 1665 1034 1728 a'l
1050 1671 1107 1751 n'y
1126 1686 1276 1752 amoyen
1343 1705 1348 1714 ·

294 1801 368 1866 »de
382 1803 551 1891 parvenir
574 1800 596 1864 ὰ
620 1801 657 1866 la
671 1800 893 1890 paceficatimr
907 1801 1120 1890 publicquc.'’

338 1936 476 2029 Epistola
496 1937 549 2004 illa
563 1935 711 2005 tendebat
720 1939 817 2026 magis
827 1935 866 2002 ad
879 1936 1103 2004 excusationem
1113 1949 1274 2028 praestan·

293 2072 366 2140 dam
396 2073 571 2181 ordinum,
602 2074 685 2142 viam
712 2074 807 2141 semel
824 2087 996 2164 susceptam
1018 2075 1272 2166 prosequentium

293 2233 388 2300 quam
416 2209 457 2277 ad
483 2211 606 2278 venium
633 2210 877 2302 implorandam,
895 2225 941 2278 ¹et
966 2234 1057 2302 opem
1075 2191 1273 2302 consequen-

295 2346 391 2428 dam,
424 2346 509 2437 quod
533 2349 633 2414 forma
650 2349 750 2414 libelli
769 2350 916 2439 supplicis
934 2348 1080 2416 denotare
1098 2348 1272 2416 videbatur.

294 2484 377 2552 Nam
395 2497 427 2551 et
447 2467 617 2552 Ordinibus
638 2485 903 2576 persuasissimum
913 2500 996 2567 erat,
1020 2487 1138 2577 Regem
1148 2487 1180 2552 in
1189 2487 1275 2590 nihi·

294 2620 326 2687 lo
356 2642 419 2686 esse
449 2642 626 2704 cessurum,
651 2623 896 2713 qualemcunque
914 2625 1008 2690 etiam
1030 2625 1163 2691 formam
1180 2624 1274 2691 indu·

295 2771 372 2828 eret.
420 2756 678 2850 Quandoquidem
696 2760 791 2851 igitur
809 2785 885 2828 vana
902 2763 1004 2829 forent
1020 2761 1273 2829 tentaminaPhi·

294 2895 417 2987 lippum
445 2897 648 2987 permovendi
677 2911 713 2965 ut
740 2910 806 2965 rata
835 2897 964 2966 haberet
983 2912 1050 2966 acta
1070 2922 1196 2981 eorum,
1222 2899 1275 2990 qni

307 3032 373 3122 ipsc
398 3034 517 3113 invito,
551 3047 776 3116 convenerant,
809 3048 845 3102 nt
870 3035 983 3102 deinde
1014 3039 1140 3106 nomine
1158 3038 1272 3127 Regis,

296 3167 427 3258 Hispani
461 3168 557 3258 ipsius
586 3171 672 3259 signe
701 3186 879 3261 sequentes,
911 3172 1013 3241 hostes
1044 3188 1075 3242 et
1103 3172 1275 3266 perduelles

213 3404 215 3409 .
299 3302 545 3385 declararentur,
573 3319 666 3397 atque
684 3307 724 3374 ad
743 3331 794 3376 eos
813 3311 1057 3380 exterminandos
1075 3311 1194 3380 incolae
1208 3334 1275 3378 om-

277 3466 280 3474 “
300 3461 354 3506 nes
381 3455 598 3525 evocarentur,
621 3468 707 3512 arces
728 3448 768 3514 ab
789 3448 827 3515 iis
846 3462 1013 3540 occupatae
1034 3450 1206 3541 oppugnari
1218 3451 1275 3539 ju-

299 3575 464 3659 berentur,
493 3579 700 3673 eumdemque
724 3584 757 3654 in
782 3586 896 3667 linem,
922 3587 1030 3679 copiae
1050 3609 1086 3654 er
1106 3585 1276 3655 Provinciis

298 3857 626 3874 m-

328 4063 369 4130 tti)
388 4061 443 4112 Det
461 4067 598 4116 oecraulcc
615 4084 673 4120 «ace
691 4070 978 4147 Mcjcater'tdeaseloese
998 4072 1212 4138 wytleemsclen,
1235 4073 1280 4134 eryt

390 4155 442 4204 ders
460 4155 570 4208 Laerten
589 4160 647 4210 dect
662 4163 823 4213 oertrcekcra.
851 4165 902 4215 Bor
921 4166 947 4216 L.
967 4166 1015 4214 Vll
1032 4166 1049 4213 s.
1067 4163 1101 4212 44
1121 4165 1151 4214 Α.
