2754 4818
615 431 656 492 23

144 661 278 732 Ooucilii
305 662 432 740 Status,
462 657 641 750 complendi
658 658 696 726 iis
713 661 868 750 personis,
890 683 968 752 quas
987 658 1119 732 Ordines

142 801 335 868 nominaturi
352 812 463 869 essent.
512 797 647 889 Operam
665 820 789 888 quoque
806 796 860 866 det
880 798 962 890 opud
979 754 1119 891 Regem,

143 950 179 1004 ut
188 937 243 1004 hie
254 959 367 1004 norum
377 936 641 1016 Gubernatorem,
664 935 820 1025 sanguinis
828 934 950 1028 rbqulo
960 936 1018 1026 ipsi
1025 939 1118 1026 junc-

146 1087 236 1154 tum,
259 1086 291 1141 et
314 1070 483 1140 Ordinibus
504 1086 689 1164 acceptum,
714 1093 809 1164 quarn
832 1074 994 1139 celerrime
1014 1087 1108 1144 creet.

189 1210 275 1278 Haec
302 1209 478 1300 indignatus
503 1197 613 1300 rejecit
648 1209 803 1292 Joanues,
836 1221 931 1299 atque
959 1223 1120 1300 econtra·

142 1347 191 1416 rio
210 1346 379 1417 Ordinibus
397 1347 583 1438 gravissimis
598 1348 701 1414 verbis
715 1347 850 1416 minatus
867 1359 932 1428 est,
957 1346 1035 1412 iram
1054 1348 1121 1415 lie-

139 1485 187 1575 gis
213 1485 274 1554 nisi
299 1486 402 1554 statim
421 1507 453 1552 se
471 1508 489 1550 a
509 1485 616 1575 queris
634 1485 785 1576 petitione
804 1485 1015 1565 abstinerent,
1039 1485 1122 1552 etin
1252 1563 1254 1572 y

141 1620 357 1689 benevolentia
383 1620 467 1711 regia
492 1621 735 1713 conquisoerent.
783 1621 852 1690 Hoc
871 1622 970 1704 iacto,
990 1621 1121 1690 Ordines

142 1758 235 1849 culpi
251 1759 401 1848 abruptae
422 1757 651 1828 deliberationis
660 1783 692 1828 se
701 1773 887 1851 purgarunt,
911 1757 997 1828 edito
1006 1759 1123 1850 scripto

141 1895 335 1964 excusatorio
360 1895 445 1984 (15).

189 2033 250 2100 Oie
288 2036 331 2101 20
370 2031 498 2104 Octobr.
535 2033 674 2102 ioannes
698 2033 900 2102 uehementer
926 2029 1126 2124 reprehendit

141 2167 298 2253 Ordines,
328 2169 413 2261 qnod
431 2170 612 2239 ucesseudo
632 2193 747 2239 norum
769 2170 1034 2250 Gubernatorem,
1053 2171 1125 2259 jura

129 2308 227 2398 regia
255 2307 469 2399 infregissent:
501 2330 576 2374 eene
603 2309 714 2376 sulcke
738 2317 859 2400 groote
878 2309 991 2398 faulte
1009 2315 1123 2399 tegens

142 2445 325 2534 herrluyder
334 2450 479 2537 priore,
503 2447 624 2514 sorrder
648 2445 783 2537 Ocrloff
794 2449 860 2538 oste
876 2445 1127 2536 adoyswnder

144 2587 275 2668 welloe,
291 2589 437 2652 nienrant
449 2587 607 2678 gebieden
626 2587 827 2677 oflcbeoeleu
845 2609 885 2653 en
902 2587 1020 2668 macla,
1043 2585 1125 2652 noch

143 2745 201 2790 een
218 2722 344 2788 andus
368 2722 619 2789 Gouoernement
638 2745 812 2789 cennemen
836 2723 919 2810 (16).

190 2856 255 2928 Sed
280 2870 401 2949 tempus
429 2857 556 2925 fallendi
584 2859 786 2949 praeteritum
813 2870 901 2939 erat,
924 2859 1040 2946 etjam
1056 2868 1125 2924 tan-

145 2996 219 3065 dem
252 2995 393 3087 percepit
427 2993 582 3077 Joannes,
621 3017 768 3086 quorsum
799 3007 845 3062 tot
873 2991 1065 3085 proditiones
1094 3006 1124 3061 et

143 3132 267 3202 fraudes
290 3155 365 3200 eum
395 3130 610 3214 deduxissent,
644 3155 740 3224 quum
763 3130 893 3201 Ordines
916 3129 1045 3212 Edicto,
1070 3152 1126 3197 no-

143 3273 229 3338 mine
254 3271 348 3362 Regis
374 3283 542 3361 concepto,
574 3269 767 3337 declararent
796 3292 827 3337 se
850 3269 940 3336 ilium
966 3291 1028 3335 uon
1052 3291 1124 3335 am-

143 3407 225 3499 plius
242 3431 300 3499 pro
321 3405 490 3499 Oapitaneo
510 3408 653 3476 Generali
672 3420 737 3478 cet:
758 3431 921 3500 agnoscere
940 3431 1049 3499 posse,
1073 3404 1127 3475 sed

145 3567 202 3636 pro
219 3545 401 3627 temerario,
422 3548 547 3636 perjuro
567 3546 717 3637 hosteque
736 3547 855 3638 patriae
874 3545 958 3635 (17).
978 3545 1125 3633 lienique

147 3681 200 3748 die
228 3687 269 3750 25
290 3705 334 3753 m.
357 3681 431 3752 Jan.
452 3705 482 3752 a.
505 3688 589 3750 1578
612 3665 780 3751 Ordinibus
797 3684 913 3752 bellurn
938 3680 1102 3749 declararit
1114 3730 1124 3762 ,

383 3859 505 3871 ..ua—-

174 3941 232 4005 ‹rr›
250 3941 306 3993 vro.
326 3958 441 4002 sernas,
461 3941 510 3990 111.
529 3942 577 3990 u0.
597 3937 732 3990 rrxvur.
752 3921 935 3988 8'00t1577.

177 4031 234 4095 (re)
251 4033 303 4083 ro.
323 4034 350 4084 r.
370 4033 414 4082 rr.
435 4033 454 4081 r.
470 4031 522 4081 sos
538 4031 569 4080 r.

175 4122 233 4188 (¹7)
251 4125 335 4174 Tussis
355 4125 494 4174 Commeat.
514 4123 541 4173 1..
561 4122 595 4170 lv
615 4138 640 4186 p.
658 4116 719 4169 277.
