2762 4814
602 429 643 492 95

179 661 206 728 Ι.
230 658 398 726 instructio
425 656 485 724 hac
513 657 672 752 occasione
691 657 728 724 iis
753 656 873 741 delata,
902 661 1015 752 quibus
1037 685 1111 731 cura

116 797 214 865 eires
239 793 440 888 permovendi
465 793 506 860 ad
532 795 770 886 praestationem
806 799 955 888 pecuniae
976 800 1110 890 petitae,

122 935 295 1004 commissa
312 947 400 1017 erat3
422 933 499 1002 haec
508 983 521 1016 ,
539 933 685 1024 inquom,
708 935 850 1025 precario
868 933 1021 1004 Ordinem
1039 952 1109 1008 rotr

124 1073 276 1165 exprimit
304 1072 515 1164 »Espe‘ratrs
543 1073 682 1140 terdicta
710 1072 838 1155 crata,
865 1096 926 1164 que
945 1097 1111 1165 personate

125 1233 173 1278 ne
199 1233 235 1278 rc
260 1210 400 1278 castora
427 1231 565 1276 wasser
584 1210 763 1278 d'arsa'rtcr
779 1211 803 1276 t
821 1234 881 1278 ron
889 1235 1022 1305 propre
1039 1214 1111 1280 tien

120 1357 160 1416 et
187 1348 266 1415 dont
288 1346 420 1438 deprensi
445 1349 482 1414 lo
510 1349 611 1416 totale
637 1371 746 1416 masse
762 1350 808 1417 du
825 1353 1111 1418 maintieunemeat

124 1486 174 1553 du
194 1508 287 1578 pays
307 1484 391 1575 (84).
424 1485 571 1554 Attamen
599 1487 625 1554 si
652 1487 722 1576 quis
750 1487 948 1556 facultatibus
966 1488 1106 1579 poliens,

125 1621 249 1713 aliquid
278 1623 311 1689 in
337 1645 426 1690 usum
453 1624 615 1714 publicum
635 1624 775 1691 conferre
792 1625 912 1706 nollet,
930 1625 1024 1692 talem
1043 1623 1108 1692 Or-

124 1758 217 1827 dines
246 1760 410 1828 Generaies
436 1759 627 1830 confidentes
653 1760 738 1850 jori,
766 1760 840 1851 ipsis
866 1783 904 1828 ex
931 1773 1107 1852 temporum

127 1899 290 1966 occasione
316 1898 525 1991 competenti,
552 1898 707 1989 eiegibns
726 1898 920 1968 exsecutione
935 1896 1107 1988 cogendum

126 2020 325 2104 damnarunt.

172 2172 244 2241 Cito
271 2172 415 2238 effectum
442 2169 539 2238 edicti
566 2169 659 2260 hujus
687 2171 894 2261 comperimus
922 2170 956 2236 in
982 2167 1107 2236 decreto

127 2309 282 2382 ordinum
309 2307 342 2380 d.
364 2313 384 2376 4
402 2306 489 2390 Oct,
508 2330 570 2400 quo
587 2307 771 2376 nominatim
791 2301 833 2376 12Ι
853 2306 990 2376 Abbstes
1009 2328 1106 2396 pecu·

124 2451 210 2519 niam
237 2462 346 2519 mutuo
375 2445 449 2514 dare
472 2447 647 2538 jubentur,
674 2446 718 2513 ita
741 2459 777 2514 nt
796 2445 836 2512 ab
853 2444 903 2513 his
920 2445 954 2512 in
973 2443 1106 2514 solidum

124 2589 285 2676 exigantur
305 2589 347 2652 16
368 2585 467 2650 millis
483 2584 522 2654 L.
541 2583 679 2654 Anthea
697 2583 786 2652 Duce
795 2581 981 2652 d'darsohot
989 2582 1106 2674 pariter

128 2727 171 2792 10
190 2721 289 2790 millia
304 2733 470 2812 petuntur3
491 2731 523 2788 et
541 2718 587 2788 sic
605 2741 624 2784 a
642 2718 784 2810 pluribus
793 2717 878 2807 (85).

172 2861 233 2930 Die
259 2863 298 2928 11
329 2856 403 2929 Oct.
421 2856 617 2926 coercitionis
634 2853 742 2924 modos
758 2853 903 2921 adhiberi
915 2853 1029 2944 jubent
1045 2850 1107 2921 Or·

125 2997 213 3067 dines
248 2997 282 3064 in
314 2995 425 3064 inritos
436 3045 447 3078 ‚
477 3008 571 3088 atquc
599 2993 713 3062 iterum
737 2991 930 3064 alacritatem
956 2989 1106 3059 ministris

126 3136 198 3226 suis]
208 3132 439 3205 commendant.
484 3180 492 3198 .

170 3273 216 3344 11.
252 3271 342 3359 Quod
378 3294 476 3363 quum
509 3270 647 3338 sufficere
672 3267 811 3336 nondum
833 3265 1011 3348 rideretur,
1043 3265 1103 3332 aiis

125 3413 219 3480 etiam
244 3408 380 3477 remedia
399 3410 531 3500 amplexi
548 3421 618 3477 sunt
636 3405 768 3477 Ordines
788 3406 973 3486 Generaies,
993 3403 1103 3471 iisdem

155 3831 212 3901 (81)
229 3832 292 3884 Res.
315 3829 367 3880 diei
391 3826 427 3878 30
450 3829 522 3894 sept.
543 3823 609 3877 loto
628 3824 656 3873 in
671 3822 742 3874 Bari.
761 3837 787 3872 a.
805 3822 832 3873 d.
853 3819 925 3871 star.
945 3820 1011 3870 Gen.
1029 3819 1061 3871 l).
1081 3819 1103 3872 1.

249 3923 320 3975 .12.

73 4031 76 4040 ¹
156 3939 292 4084 (Smila.
316 4012 341 4062 d.
372 4009 406 4072 4,
437 4011 470 4073 8,
491 4011 524 4072 9,
542 4010 574 4060 1³
592 4009 651 4060 cat.
670 4005 778 4058 irritent.
796 4003 1101 4059 o.rt.stat.tteo.n.1.

233 4101 404 4173 pw-st
