2754 4818
766 466 808 527 32

345 697 377 762 ⁷.
402 693 445 763 Ut
462 691 527 760 Rex
546 695 742 785 permitteret
760 695 895 774 cultum,
921 706 986 760 tum
1005 693 1203 760 Reformatae
1221 715 1278 760 re·

295 830 438 924 ligionis,
471 843 537 898 turn
563 829 767 899 confessionis
786 832 941 924 Augustae
962 829 1220 912 Vindelicornm,
1247 832 1283 896 in

297 968 440 1036 omnibns
468 969 644 1036 civitatibus
671 981 703 1036 et
728 969 825 1049 locis,
856 969 913 1036 ubi
940 968 1025 1036 idem
1049 991 1133 1036 nunc
1151 968 1282 1060 publice

296 1107 431 1197 rigebat.
479 1104 611 1174 Ordines
634 1119 915 1190 emensurarent,
939 1119 974 1174 ut
993 1107 1026 1172 in
1041 1107 1186 1173 omnibus
1200 1105 1281 1170 oisi-

298 1244 413 1312 tatibus
440 1257 471 1312 et
496 1243 571 1311 locis
583 1293 593 1325 ,
626 1242 784 1334 aquibus
810 1242 968 1333 religionis
992 1241 1280 1310 Romano-Catho-

299 1385 377 1452 licae
405 1383 506 1450 cultus
532 1403 615 1449 nunc
643 1380 820 1464 exsulabat,
851 1375 907 1447 hio·
927 1379 1030 1446 statim
1047 1393 1116 1470 post
1133 1379 1281 1471 promul-

296 1537 398 1614 gatam
421 1543 530 1611 pacem
552 1519 776 1588 restitueretur.
801 1609 803 1614 Ι

344 1657 496 1726 Militibus
526 1657 724 1748 abutrdque
750 1668 839 1746 parte
870 1654 1022 1734 dimissis,
1055 1667 1087 1721 et
1114 1666 1279 1744 postquam

298 1793 339 1862 ad
366 1815 476 1886 pacem
506 1795 630 1860 omnino
656 1791 793 1860 reditum
822 1804 921 1873 esset,
955 1790 1087 1860 Ordines
1113 1793 1280 1858 Generales

299 1933 496 2024 congregati,
528 1953 633 1998 coram
656 1930 749 2020 regiis
766 1929 1000 2010 commissoriis,
1029 1930 1113 1996 omui
1131 1951 1204 1996 cum
1224 1929 1280 1996 di-

300 2072 427 2164 ligentia
455 2069 578 2137 efficere
601 2066 780 2147 studerent,
804 2079 839 2132 ut
867 2066 1185 2154 cultusglleiornratac
1204 2069 1279 2135 reli·

299 2209 399 2299 gionis
417 2208 497 2274 intra
515 2220 580 2275 tam
600 2228 728 2296 parvum
749 2204 876 2270 urbium
895 2203 1279 2294 locorumquenurnerum

299 2356 526 2423 coarctaretur,
550 2364 644 2433 quem
664 2342 698 2408 in
717 2341 1031 2431 singulisProrinoiis
1051 2342 1119 2408 lieri
1138 2357 1252 2435 posset.
1275 2381 1279 2392 ·

350 2479 515 2548 llollandio
535 2491 567 2546 et
586 2477 749 2546 Zeelandia
767 2492 869 2546 nmen
889 2478 970 2569 leges
988 2480 1076 2547 Pacis
1095 2479 1281 2548 Gendaven·

302 2617 341 2685 sis
368 2630 518 2686 tenerent.
565 2613 682 2682 Yeruni
712 2629 743 2683 et
770 2615 829 2683 hac
858 2616 891 2682 in
910 2635 949 2682 re·
963 2615 1095 2684 Ordines
1115 2618 1279 2686 Generales

300 2778 425 2848 operam
451 2767 616 2837 navarent,
650 2767 686 2821 ut
711 2753 745 2820 in
765 2753 929 2820 Hollundia
950 2765 981 2820 et
999 2754 1163 2822 Zeelandia
1181 2756 1276 2824 etiarn

300 2895 399 2962 cultus
435 2893 591 2984 religionis
625 2889 966 3008 bernano-Catholicae
995 2893 1029 2958 in
1057 2893 1176 2987 aliquot
1202 2894 1278 2962 locis
1374 2949 1375 2954 ,

246 3089 249 3095 ,
299 3033 541 3123 permitteretur.

346 3169 435 3237 Patet
445 3217 456 3250 ,
488 3167 619 3238 Ordines
641 3167 805 3234 Generoles
823 3190 931 3260 pacem
950 3190 1022 3235 cum
1040 3173 1125 3260 Ilege
1142 3169 1200 3237 hac
1219 3169 1277 3236 de-

301 3327 388 3372 mum
417 3304 485 3394 lege
507 3325 693 3395 componere
714 3306 864 3388 voluisse,
887 3320 922 3374 ut
942 3306 975 3372 in
992 3321 1149 3400 posterum
1169 3319 1276 3374 uncto-

300 3441 400 3510 ritulis
412 3441 514 3532 regiae
530 3441 709 3508 exercitium
719 3445 926 3535 regulariter
936 3444 1086 3535 penderet
1102 3451 1277 3514 a'consensu

300 3580 466 3662 Ordinum3
487 3579 531 3647 ita
553 3592 587 3646 nt
601 3601 701 3670 neque
711 3581 903 3649 Gubernatio
914 3583 1073 3651 Generalis
1082 3607 1148 3650 rem
1158 3597 1276 3675 gereret

300 3721 364 3787 siue
398 3716 568 3787 Ordinibus
599 3718 823 3801 Generalibus,
854 3741 956 3810 neque
985 3721 1119 3812 singulae
1142 3723 1275 3790 Provin-

301 3856 368 3921 ciae
388 3868 585 3946 regerentur,
608 3856 668 3922 nisi
691 3855 843 3925 Ordinurn
862 3858 1100 3927 Prouincialium
1118 3861 1275 3928 communi

301 3992 451 4072 concilio,
460 4003 621 4084 perpetuo
634 3992 788 4063 adhibite.

346 4129 515 4222 Praecipue
533 4128 723 4212 differentia,
747 4154 826 4222 quae
845 4133 894 4202 his
912 4137 1125 4226 rogationibus
1143 4137 1273 4205 interce-
