2754 4818
596 457 637 518 53

8 781 11 790 .
117 649 259 754 Ordines
298 665 471 755 Generum?
490 684 682 775 Episcopum
711 683 840 752 invitent
866 699 1038 778 surreptum
1066 690 1107 754 nb

117 823 273 916 Hispanis
290 821 438 915 praedam
456 844 518 888 uon
536 821 617 889 iutro
637 822 713 888 linos
729 845 796 890 suas
811 824 947 914 recipere
957 824 1040 915 (39).

169 960 303 1029 Teutam
320 959 451 1029 Ordines
468 960 677 1051 Episcopum,
697 959 736 1026 od
754 972 857 1052 portes
876 962 1107 1054 oontrsllisps-

118 1121 180 1166 nos
197 1096 423 1189 amplectendos
444 1117 626 1189 permovere
642 1097 711 1187 (40)
720 1145 731 1178 ‚
751 1097 828 1164 item
845 1111 880 1165 ut
890 1099 1111 1168 nonnulleloos

120 1233 284 1326 praesidiis
301 1234 432 1305 muniet.

169 1372 309 1458 Quonam
328 1393 401 1439 vero
421 1371 454 1436 in
475 1385 556 1439 stetu
576 1370 677 1440 dietus
696 1371 868 1463 Episcopus
885 1371 946 1439 hoe
971 1385 1111 1464 tempore

114 1523 313 1589 versaretur,
343 1509 456 1600 oonJioi
474 1522 575 1600 potest
593 1512 712 1599 exejus
730 1508 1007 1577 deliberationibus
1025 1511 1110 1602 opud

114 1669 314 1741 congressum
333 1645 453 1714 (lironli
467 1645 676 1737 Westpholiei
692 1644 838 1714 Coloniae
846 1646 999 1730 bebitum,
1011 1649 1108 1717 insti·

122 1784 211 1856 tutis.
264 1784 356 1852 llisss
375 1784 458 1850 enim
477 1784 630 1874 legatione
640 1783 709 1874 (41)
729 1783 780 1850 die
800 1788 842 1852 16
862 1785 939 1855 Deo.
953 1788 1038 1853 1676
1050 1809 1107 1856 ou·

120 1923 231 1989 xillum
258 1935 289 1990 et
312 1921 473 1989 eonsilium
502 1918 619 1988 Girouli
653 1921 862 2013 nmplorebst,
883 1935 918 1989 ut
936 1922 1107 1990 invasiones

118 2059 286 2127 rebellium
323 2057 581 2151 depopulatorum
617 2058 771 2149 impedire
800 2072 921 2149 posset,
950 2072 1044 2149 atque
1071 2073 1106 2128 ut

119 2197 213 2265 eoiret
230 2195 310 2288 quid
327 2196 388 2264 sibi
408 2195 586 2263 faciendum
606 2209 706 2278 esset,
726 2195 753 2264 si
772 2194 905 2264 Ordines
914 2196 1015 2287 belgit
1026 2198 1107 2264 Tra·

113 2337 235 2427 jectum
260 2333 301 2400 nd
325 2333 443 2401 llosem
472 2333 616 2403 obsidere
645 2335 770 2404 vellent.
829 2333 937 2421 Quoad
957 2336 1106 2403 auxilium
1228 2435 1230 2440 Ι

117 2471 355 2564 praestandum,
379 2471 564 2563 respondent
585 2469 756 2540 Giroolores
765 2471 847 2542 hono
856 2472 917 2540 sibi
926 2487 1104 2565 oompetere

118 2607 249 2700 quidem
267 2607 444 2676 subnotem
464 2632 500 2675 er
518 2611 736 2677 constitutione
755 2610 886 2700 Imperii
904 2611 976 2676 unni
995 2616 1100 2692 1570,

10 2837 11 2848 ἵ
117 2744 172 2813 sed
200 2767 296 2836 quum
318 2742 435 2812 Girouli
452 2745 531 2812 vires
549 2747 641 2836 plene
660 2769 697 2812 eo
718 2739 907 2827 deficerent,
925 2749 1027 2836 primo
1044 2770 1096 2812 ro·

115 2882 216 2950 tiones
237 2879 427 2973 quaerendus
445 2903 532 2962 esse,
552 2881 668 2971 quibus
688 2882 844 2948 serarium
868 2883 1004 2972 suppleri
1031 2906 1103 2974 pos·

120 3032 186 3101 set,
220 3018 346 3085 interim
367 3018 460 3086 totius
478 3016 609 3112 Imperii
630 3019 885 3085 interventionem
905 3041 969 3086 esse
989 3034 1103 3110 peten-

119 3156 202 3226 dum.
229 3191 276 3206 -··
302 3154 385 3241 Quid
405 3153 583 3222 fsoiendnm
602 3169 678 3223 esset
699 3156 853 3246 Episcopo
871 3157 904 3226 iu
923 3179 996 3224 cusu
1013 3158 1100 3225 obsi-

118 3294 240 3376 dionis,
258 3315 357 3385 quum
374 3315 437 3360 oon
461 3291 607 3376 dicebant
626 3291 817 3376 Givoulores,
838 3295 904 3387 ipse
921 3295 1099 3388 opinionem

118 3541 469 3556 ..κώμῃ-.-

144 3695 279 3764 (69)]1ιι.
299 3693 326 3745 d.
343 3692 378 3743 2ss
397 3693 456 3744 oet.
476 3691 569 3742 ibidem
588 3709 614 3759 p.
634 3691 677 3743 76.

249 3804 265 3835 s
299 3783 458 3835 Molles.
521 3800 537 3832 s
590 3799 616 3847 p.
637 3779 804 3832 tooet27t.

150 3875 205 3942 (to)
224 3875 284 3926 ltu.
314 3874 346 3923 lo
374 3874 435 3924 lleo.
465 3871 547 3933 1676,
579 3871 650 3920 Bssl.
679 3885 704 3919 o.
721 3869 748 3920 d.
770 3869 839 3918 Stat.
862 3868 935 3918 Geso.
956 3867 978 3919 1.
995 3883 1021 3936 p.
1043 3869 1101 3920 196.

138 3989 140 3994 ’
206 3966 299 4015 tnebev
316 3965 348 4013 de
362 3965 470 4015 decides
486 3965 525 4013 les
543 3964 654 4012 metim
673 3959 998 4026 ettusoqssoottsqsos
1008 3961 1098 4010 s’sms's

205 4071 259 4105 oss
275 4044 362 4106 Etuts.

142 4147 198 4215 (41)
218 4148 287 4199 Besl.
312 4165 335 4200 o.
359 4149 383 4197 d.
408 4145 448 4198 St.
472 4146 545 4195 Gess'.
564 4145 576 4193 l
595 4161 620 4211 p.
643 4143 704 4194 349.
