2754 4818
25 4313 29 4460 t

560 429 626 532 si*

62 699 324 768 assentientibus
352 695 544 779 Ordinibus,
575 719 647 764 curn
675 695 874 766 Oeuerdibus
900 713 965 767 tum
989 699 1063 768 Pro·

63 839 284 908 rincidtbus.

139 981 176 1047 O.
201 937 553 1064 Nequisadmittcretur
563 971 602 1039 ad
613 970 786 1041 Oonciliuru
798 972 914 1057 Status,
933 974 973 1041 ad
984 977 1066 1046 Ooo-
1087 1044 1091 1052 ,

73 1115 203 1182 cilium
217 1113 391 1192 seorsum,
406 1111 455 1179 rel
466 1110 635 1179 Redituum
647 1124 740 1202 atque
750 1113 958 1203 Erpcnsarurn
968 1137 1068 1206 neque

76 1251 130 1320 ad
153 1252 213 1319 alin
232 1272 361 1317 munera
379 1248 504 1340 majoris
522 1247 680 1340 dignitatis
699 1261 730 1316 et
749 1247 788 1315 ad
805 1250 1067 1318 Gubernationcm

76 1389 299 1470 Generalem,
336 1387 398 1456 uisi
422 1387 478 1478 qui
499 1387 669 1457 Ordinibus
695 1386 898 1457 Generalibus
928 1401 1073 1481 acceptus

77 1539 184 1595 esset.

134 1661 229 1730 Idem
255 1662 371 1744 valeret
394 1659 435 1727 de
455 1660 687 1729 Gubernatione
705 1662 752 1728 rel
770 1664 972 1753 praefecturis
990 1665 1071 1733 Pro-

79 1801 267 1870 vinciarum
279 1849 288 1879 ,
313 1798 495 1879 civicarum,
519 1798 656 1879 arcium,
679 1798 920 1888 praesidiorum,
944 1803 1075 1893 aliisque

82 1939 275 2006 muneribus
302 1935 542 2005 provincialibus
570 1909 764 2027 praecipuis;
799 1938 917 2007 scilicet
945 1953 980 2007 ut
1003 1941 1075 2032 quis

85 2090 242 2170 acceptus
263 2088 341 2143 esset
364 2072 535 2143 Ordinibus
557 2073 814 2142 Proriucialibus.

139 2216 188 2284 Ut
213 2235 318 2282 omues
342 2212 477 2280 ministri
496 2210 615 2302 publici
634 2224 733 2278 esseut
750 2209 934 2303 indigenae,
957 2211 1075 2280 fidem-

90 2373 160 2445 que
191 2374 252 2421 uou
281 2364 401 2420 tautum
419 2350 528 2441 diupi,
552 2349 606 2417 sed
626 2347 797 2418 Ordinibus
824 2350 919 2417 etiam
947 2354 1073 2446 jureju-

93 2489 198 2559 raudo
228 2490 466 2582 promitterent,
500 2510 564 2556 sese
589 2488 670 2579 leges
692 2510 775 2554 nuuc
794 2489 986 2580 propositus,
1009 2512 1073 2556 ser-

89 2640 229 2697 vaturos.
284 2630 390 2716 Atque
419 2647 471 2692 cos
498 2637 671 2716 oporteret,
701 2626 878 2716 subposui
895 2626 1024 2716 perjurii
1035 2639 1075 2694 ¹et

94 2739 325 2843 abdicationis,
354 2760 524 2830 Ordinibus
542 2761 729 2850 singularum
746 2762 977 2828 Provinciarum
995 2785 1075 2852 ape-

95 2900 163 2968 rire
180 2896 335 2991 quidquid
351 2896 495 2965 adversus
507 2896 673 2977 bonorem,
697 2897 896 2965 commodum
910 2899 972 2965 sire
988 2901 1076 2990 quie-

98 3052 164 3107 tem
186 3036 367 3105 Provinciae
390 3035 606 3126 susciperetur.

145 3173 292 3265 Princeps
311 3174 410 3264 gentis
427 3174 549 3266 regiae,
574 3193 667 3264 quem
686 3172 751 3239 Rex
768 3171 994 3242 Gubernaticui
1014 3171 1077 3244 Ge·

102 3313 198 3382 nerali
216 3313 397 3403 praeficeret
413 3310 582 3380 Ordinibus
592 3312 794 3381 Generalibus
805 3312 852 3380 uti
861 3325 1004 3405 acceptus
1012 3335 1079 3383 esre

104 3447 230 3519 deberet
247 3452 291 3519 ita
312 3451 432 3542 reliqua
449 3449 560 3518 barum
580 3451 1080 3545 Prouinciammjuractpraesens

106 3587 250 3658 Edictum
276 3588 501 3658 conciliationis
520 3587 721 3679 jurejurando
749 3591 897 3660 firmaret.
946 3588 1079 3657 Ordines

108 3711 208 3796 autem
235 3727 480 3796 Gubernatorem
504 3727 686 3795 Geueralem
705 3727 871 3795 creandum
890 3727 969 3816 Regi
987 3749 1079 3795 com-

110 3865 290 3935 mendarunt
310 3865 520 3934 Arcbiducem
542 3863 720 3934 Matthiam.

346 4053 472 4064 nunu—‘-

138 4163 192 4230 (rc)
209 4165 277 4226 ros,
296 4155 324 4216 t.
341 4160 420 4224 rur,
441 4165 460 4214 r.
481 4143 530 4212 rra
547 4179 618 4228 seqq.
