2762 4814
753 449 794 508 78

286 683 350 774 eipi
379 682 503 760 furens,
526 678 634 746 uictrix
658 676 754 742 erasit
772 675 924 764 simulque
945 670 1078 740 Ordines
1099 673 1262 741 Generales

283 843 321 888 ex
355 818 487 885 articulo
515 821 534 882 7
556 814 790 883 ·Paoiiieationis
809 810 1032 890 Gandareusis,
1062 809 1261 879 decreuerunt

286 957 426 1047 Principi
455 953 721 1023 Gubernationem
748 963 945 1042 competere,
969 950 1061 1017 simul
1082 973 1120 1016 ae
1141 951 1262 1040 petitam

289 1094 424 1162 dedisset
453 1091 715 1174 'satisfactionem
750 1112 830 1181 quae
857 1089 971 1156 deinde
999 1090 1106 1156 locum
1135 1088 1265 1157 obtinuit

291 1233 343 1302 die
363 1239 383 1302 9
402 1230 547 1300 Octobris
568 1234 666 1300 1577.
713 1229 819 1318 Atque
838 1229 882 1295 sio
902 1239 977 1295 tune
995 1225 1148 1308 demum,
1173 1224 1268 1294 Ordi-

292 1395 345 1440 nes
373 1370 532 1438 deeretum
561 1366 683 1460 regium
712 1368 785 1432 anni
812 1369 896 1434 1559
918 1366 1031 1432 itemm
1052 1365 1192 1432 effectum
1211 1364 1270 1430 ba·

294 1511 369 1577 bere
391 1508 610 1602 permiserunt.

339 1641 1052 1734 InGelriaOrdines,msgudconcionababita
1063 1639 1269 1723 Arnhemiae,

293 1781 405 1850 diebus
426 1784 557 1849 13-19
577 1783 762 1850 Novembris
783 1784 889 1862 1577,
914 1779 953 1846 de
970 1803 1049 1847 noro
1067 1779 1274 1847 Gubernatori

295 1919 554 2001 deliberandum,
587 1941 652 1987 esse
679 1932 863 1987 censuerunt
890 1944 912 1986 n
926 1918 1090 1986 wederom
1109 1927 1142 1984 te
1159 1919 1277 1984 delibe-

157 2083 160 2090 ’
296 2083 413 2128 reeren
447 2069 502 2152 opt
530 2081 705 2126 nonomen
731 2061 820 2124 eines
851 2055 1072 2124 Stadkoldors
1096 2079 1175 2122 over
1199 2056 1279 2122 dese

300 2197 471 2287 lantsoop
494 2198 577 2285 (42).

252 2383 254 2387 .
346 2332 486 2398 Proximi
513 2331 645 2421 proinde
674 2331 831 2400 Ooneione
857 2331 1199 2411 distensione,
1222 2352 1293 2420 pe-x

299 2479 370 2534 tunt
389 2466 437 2534 'ab
465 2467 643 2536 Archiduee
673 2483 768 2559 atque
796 2468 967 2538 Ordinibus
991 2485 1026 2538 ut
1043 2471 1077 2536 hi
1097 2470 1195 2538 alicui
1212 2469 1281 2536 Gu-

301 2604 517 2673 bernatiouem
535 2607 715 2674 Provinciae
734 2609 931 2677 committant
948 2610 1032 2698 (43).
1080 2608 1124 2676 At
1140 2606 1282 2675 Matthias

303 2745 503 2812 intruetionis
530 2769 601 2812 suae
627 2769 748 2814 memor
772 2749 834 2838 quai
858 2746 1085 2838 prohibebatur
1105 2770 1160 2814 sua
1180 2759 1284 2838 sponte

305 2883 551 2951 Gubernatorem
577 2884 758 2966 nominare,
783 2885 914 2954 Ordines
934 2886 1057 2953 Gelriae
1069 2885 1165 2976 jubet
1185 2885 1221 2950 in
1238 2905 1285 2949 oo

304 3021 402 3090 mitiis
430 3023 634 3114 ersemeineo
661 3025 893 3114 Mordtsdaoh)
914 3038 1020 3115 aptam
1041 3046 1211 3116 personam
1232 3023 1285 3090 du‘·

305 3160 442 3246 signare,
472 3182 603 3250 eamque
621 3161 682 3228 sibi
700 3182 894 3252 proponere3
921 3185 1016 3254 quam
1038 3163 1063 3230 si
1084 3162 1284 3255 expediebat,

305 3293 554 3360 Gubernatorem
579 3298 754 3365 nominaret
785 3299 870 3387 (44).
919 3304 986 3389 Ouo
1013 3304 1131 3371 fautum
1160 3316 1226 3384 est,
1251 3315 1287 3367 ut

324 3579 636 3590 m...

334 3790 392 3858 (42)
408 3793 530 3854 bonurn,
547 3793 591 3845 lv.
612 3809 639 3860 p.
656 3793 700 3845 89.

337 3879 395 3949 (sa)
412 3882 532 3945 noenu,
553 3888 574 3936 s.
595 3884 639 3938 ιν.
658 3903 683 3952 ρ.
704 3886 766 3939 ssa.
787 3888 847 3939 rom
856 3889 887 3939 v.
904 3907 931 3956 p.
952 3859 992 3942 14.
1012 3855 1014 3893 ³

416 3971 531 4037 ibidem,
550 3992 577 4040 p.
597 3975 645 4027 106
660 3980 687 4026 et
703 3993 728 4043 p.
747 3977 806 4030 114.

338 4057 397 4128 (44)
413 4062 476 4113 vida
502 4065 601 4117 litteras
628 4067 765 4130 luttbisa,
789 4068 815 4119 d.
841 4069 874 4120 26
889 4072 962 4125 Febr.
984 4071 1066 4136 1578,
1088 4061 1155 4137 apud
1174 4089 1294 4133 nonnus,

420 4154 449 4204 v.
467 4171 493 4221 p.
510 4157 571 4208 aas.
942 4149 945 4156 “
