2762 4814
597 474 637 536 65

125 705 277 793 earprm
321 701 417 766 sonas
451 699 581 766 Padveu
616 711 647 765 et
674 706 790 792 emrgie'
817 703 860 768 du
897 706 1032 774 Cenaei!
1059 712 1108 774 de

127 837 198 906 ttae·
221 837 305 927 (17).

175 975 243 1044 Nee
271 974 310 1042 de
336 975 398 1042 ulla
416 998 451 1042 re
469 977 594 1067 majoris
611 976 772 1067 eujusdam
790 980 940 1044 momenti
961 978 1105 1048 decerne-

124 1115 224 1196 bant,
247 1113 306 1180 nisi
329 1111 436 1180 addita
459 1112 519 1180 hae
542 1111 652 1196 eadem
675 1113 809 1180 formula
833 1115 919 1204 (18).

173 1251 234 1320 Rei
250 1251 380 1319 bellicae
397 1250 604 1320 directionem
622 1249 756 1320 Ordines
772 1253 953 1343 praesertim
970 1251 1112 1321 Concilio

125 1389 231 1457 Status
261 1357 472 1470 mandarunl,
505 1411 695 1494 quamquam
714 1389 845 1456 invaluit
862 1412 949 1472 mos,
972 1404 1007 1457 ut
1028 1390 1112 1458 Gon-

124 1526 235 1595 eilium
265 1526 383 1594 litteras
411 1525 451 1592 ad
478 1547 510 1593 se
536 1526 662 1605 missas,
693 1524 847 1593 Ordinnm
867 1526 989 1615 jndicio
1006 1529 1110 1595 adfer·

126 1677 177 1730 ret
201 1663 287 1752 (19).

176 1802 214 1868 ln
241 1800 403 1893 pangenda
428 1825 504 1893 paee
524 1800 716 1870 Gandarensi
737 1800 868 1871 Ordines
886 1825 950 1870 non
967 1805 1114 1894 neglexe-

129 1951 203 2005 runt
231 1961 249 2006 a
278 1938 432 2006 sociorum
449 1960 579 2020 numero
597 1939 735 2028 aliquem
754 1937 793 2004 ad
812 1937 990 2006 Concilium
1007 1939 1112 2007 Status

127 2077 271 2168 delegare
294 2077 350 2167 qui
373 2079 438 2167 ejus
461 2097 617 2144 assensum
638 2087 761 2166 peteret
786 2075 870 2162 (20).

174 2215 306 2306 Dejeete
332 2227 438 2281 antem
462 2211 503 2279 de
523 2211 756 2281 Gubernatione
774 2210 936 2279 lustriaco
955 2224 987 2280 et
1003 2213 1113 2303 pleris-

127 2374 190 2443 que
208 2351 392 2419 eonsiliariis
409 2351 501 2441 hujus
519 2363 623 2442 partes
641 2349 858 2440 sequentibus,
883 2349 1021 2418 conditio
1039 2373 1112 2417 aue-

126 2491 261 2558 toritatis
282 2489 415 2557 concilii
434 2489 539 2557 Status
563 2487 646 2555 effici
662 2501 764 2580 potest
777 2510 814 2554 er
827 2487 939 2555 litteris
956 2487 1114 2557 Ordinnm

129 2626 330 2692 Generalium
359 2626 473 2714 quibus
501 2625 679 2714 Principem
703 2625 909 2690 dransiaenm
926 2624 966 2689 ad
986 2649 1018 2691 se
1036 2649 1114 2692 ero-

123 2745 242 2829 ¹earnnt
253 2809 263 2842 ,
292 2774 349 2842 ut,
379 2783 477 2850 quum
496 2761 595 2827 socius
615 2773 695 2826 esset
714 2758 848 2826 conetm
865 2760 991 2840 Status,
1016 2759 1114 2828 Ordi-

128 2923 183 2967 nes
214 2897 342 2965 eonsilio
365 2895 547 2986 adjuvaret,
571 2919 704 2962 >romare
720 2905 752 2962 te
771 2897 948 2963 adviseren
963 2921 1030 2965 van
1046 2900 1114 2968 alte

131 3037 289 3114 saeeken,
313 3056 378 3101 van
400 3035 476 3102 dese
498 3033 637 3101 Landen
661 3033 746 3123 (21).

177 3173 310 3243 Secutae
329 3185 400 3240 sunt
421 3165 659 3240 deliberationes
676 3194 748 3238 eum
764 3171 944 3241 Archidnee
961 3171 1109 3255 Matthia,

158 3448 216 3514 (17)
235 3449 307 3498 Beal.
325 3461 352 3498 a.
372 3451 400 3499 d.
422 3447 518 3497 Stetata
539 3447 618 3497 Geni.
639 3449 670 3498 n.
692 3449 714 3497 1.
735 3465 759 3515 p.
780 3448 842 3499 219.

162 3540 218 3606 (18)
237 3539 298 3591 llas.
317 3539 344 3590 d.
362 3539 380 3588 6
398 3539 456 3590 Oct.
475 3537 569 3589 ibidem
585 3555 614 3605 p.
632 3539 675 3588 25.

257 3647 273 3678 s
361 3629 429 3679 7»
506 3647 522 3677 a
583 3646 610 3696 p.
628 3630 674 3680 28.

257 3739 273 3769 a
345 3721 429 3770 15»
507 3734 524 3766 a
582 3719 744 3786 p.43.eet.

161 3811 217 3878 (19)
236 3812 297 3865 llea.
315 3811 343 3864 d.
362 3813 379 3860 5
397 3813 455 3862 Oet.
475 3811 570 3862 ibidem
586 3828 614 3877 p.
631 3810 678 3861 22.

259 3921 275 3951 a
349 3903 381 3952 13
416 3919 432 3949 a
508 3919 525 3950 a
586 3918 612 3968 p.
631 3899 674 3950 41.

259 4013 275 4043 a
345 3994 379 4044 26
414 4012 430 4042 a
506 4009 523 4043 s
583 3990 673 4059 [177.

162 4085 221 4152 (20)
239 4087 299 4137 llea.
319 4087 346 4137 d.
365 4086 382 4135 t
401 4087 464 4135 llas.
482 4085 575 4136 ibidem
592 4103 618 4154 p,
638 4083 682 4134 95.

162 4177 289 4242 (21)Βοι
308 4179 333 4228 1..
353 4178 397 4229 XI.
418 4175 553 4228 1281711.
