2754 4818
611 425 653 488 35

151 680 204 728 nos
233 656 399 726 Genernles
428 675 533 720 mense
550 653 657 720 Martii
678 656 785 734 1581,
807 653 1030 723 Amstelodami
1050 677 1126 725 eor·

154 796 275 888 gregati
293 817 370 885 opus
389 792 587 883 abjurationis
605 804 820 882 susceperuut,
844 792 913 880 (34)
924 792 966 860 ita
975 806 1010 860 ut
1018 795 1128 885 prori-

151 957 206 1001 mo
236 944 386 1005 conventu
413 901 627 996 mense'Julio
640 921 753 1020 -Hagae
774 926 930 997 Comitum
948 928 1055 999 habito
1074 931 1128 1002 illa

156 1091 227 1150 res,
259 1067 399 1137 omnibus
427 1066 661 1134 eonsentienbus
689 1065 729 1132 ad
747 1066 843 1132 finem
862 1066 992 1159 perduoi
1010 1081 1126 1158 possets

155 1205 207 1274 dio
232 1205 315 1272 euim
343 1208 385 1272 26
413 1203 494 1273 Julii
523 1203 683 1273 decretum
706 1205 835 1308 nominey
850 1203 1006 1273 Ordinem
1025 1205 1131 1274 Gene-

154 1342 269 1410 relium
295 1342 394 1409 latum
419 1355 491 1424 est,¹
516 1342 634 1434 quippe
659 1341 700 1408 ad
726 1342 812 1433 quod
838 1343 1003 1434 collegium
1022 1355 1132 1414 aueto-

150 1479 227 1550 ritar
250 1502 371 1548 summa
392 1481 554 1548 transierat
577 1480 662 1569 (35).

199 1615 237 1684 ln
255 1618 310 1683 illo
330 1629 434 1683 autem
455 1615 622 1684 declaratio
641 1630 737 1684 exstat
757 1630 947 1708 quantopere
966 1619 1032 1686 Rex
1051 1616 1132 1684 Phi·

153 1755 259 1846 lippus
277 1756 436 1844 antiquam
456 1754 633 1821 libertatem
654 1766 685 1820 et
701 1754 862 1844 privilegia
877 1755 1054 1836 violaverit,
1079 1754 1132 1822 ille

152 1893 249 1983 igitur
276 1891 470 1982 dignissimus
491 1891 624 1972 dieitur,
654 1891 710 1981 qui
725 1891 765 1958 ab
782 1890 952 1960 Ordinibus
975 1913 1132 1994 esummo

150 2030 302 2120 regimine
330 2028 531 2110 detrudatur,
566 2029 651 2120 quod
680 2053 718 2096 eo
741 2030 840 2120 magis
859 2042 1037 2120 competere
1056 2050 1133 2096 oen·

152 2183 221 2252 seut
250 2168 402 2252 Ordines,
431 2191 502 2236 oum
531 2169 615 2236 omni
637 2167 732 2234 modo
752 2168 870 2260 Regem
888 2168 1012 2258 placare
1031 2167 1131 2234 oouati

155 2320 253 2374 esseut
265 2319 393 2396 ,atque
412 2305 445 2371 in
462 2327 574 2372 vanum
592 2307 697 2372 omnia
713 2304 914 2373 adhibuerint
932 2306 1045 2397 quibus
1064 2327 1137 2397 spe·

151 2458 256 2512 rorent
280 2445 369 2510 illum
384 2443 423 2510 ad
437 2443 564 2510 oonsilio
578 2442 727 2510 mutanda
744 2465 936 2534 permovere.
977 2406 1048 2511 '1110
1062 2466 1135 2510 rero

154 2581 204 2648 his
230 2605 292 2650 non
321 2591 509 2660 commotus,
539 2592 659 2646 tantum
684 2602 721 2647 eo
735 2582 893 2648 acerbiora
911 2581 1056 2649 mandata
1074 2581 1135 2648 de·

156 2717 226 2798 dit,
249 2717 419 2808 privilegiis
437 2739 455 2783 e
473 2717 598 2806 regione
616 2718 781 2785 contraria.

206 2854 418 2922 afflictatione
445 2853 582 2944 generali
609 2852 716 2942 populi
745 2851 784 2917 ad
811 2852 967 2941 fastigium
991 2849 1135 2934 redacta,

159 3012 284 3057 excessu
317 2991 454 3056 militum
488 2988 724 3070 seditiosorum,
758 2987 891 3057 Ordines
918 2988 1030 3055 harum
1056 2991 1137 3058 Pro·

153 3129 325 3197 rinoiarum
360 3127 493 3192 maxime
527 3126 672 3216 expedire
707 3140 911 3208 censuerunt,
950 3127 1076 3195 foedere
1103 3153 1135 3196 se
1187 3212 1190 3217 .

155 3290 229 3335 oum
252 3265 419 3334 Hollandia
440 3277 471 3331 et
491 3263 653 3330 Zoelandia
671 3266 875 3355 conjungere,
900 3278 934 3333 ut
953 3266 1045 3336 modo
1064 3268 1137 3335 bel-

189 3580 248 3650 (34)
265 3581 297 3630 In
315 3579 512 3644 oongragatione
530 3577 571 3628 die
591 3577 624 3628 lo
641 3579 722 3629 tratti
738 3579 843 3630 Ordines
860 3580 1008 3630 Bollandiae
1023 3579 1078 3644 (ιω
1088 3583 1142 3629 rta-

245 3678 368 3730 tuerunt,
398 3671 542 3737 Priuoipem
570 3671 734 3721 Arausiaoum
755 3685 902 3738 permovere
921 3685 1040 3720 summam
1057 3684 1142 3720 rerum

245 3762 437 3823 administrare,
464 3764 493 3812 et
518 3762 550 3812 de
574 3760 650 3812 rebus
668 3761 778 3828 publiois
794 3759 951 3822 decernere,
970 3759 1073 3826 proprio
1092 3776 1140 3812 no·

251 3855 329 3916 mirre,
348 3857 376 3904 et
392 3853 569 3920 praetermisso
588 3852 689 3902 nomine
708 3854 736 3902 et
751 3850 834 3915 sigillo
853 3849 932 3915 regio.

298 3959 345 3998 m
362 3945 443 3996 noth.
462 3945 577 3995 sterben
594 3945 624 3994 O.
645 3943 672 3992 11
688 3960 715 4009 p.
736 3939 780 3992 17.

188 4035 245 4104 (35)
266 4036 348 4086 Groot
364 4035 556 4098 Plomma,
576 4035 647 4084 Tom.
665 4033 677 4082 Ι
692 4033 711 4081 s.
732 4031 775 4080 25.
812 4031 881 4092 uon,
901 4030 928 4081 t.
943 4031 1001 4083 XVI
1020 4035 1040 4086 i.
1057 4035 1092 4086 ³5
1109 4035 1138 4085 tt.

252 4130 279 4176 et
297 4140 355 4190 sqq,

966 4241 987 4298 3
998 4237 1014 4270 s
