2762 4814
588 449 630 512 83

166 678 213 745 Er
240 676 292 744 his
317 675 461 747 omnibus
479 677 699 766 igiturpatet,
724 680 854 768 quinam
872 679 970 748 forma
990 680 1095 773 desig-

99 817 202 884 natio
222 829 255 884 et
273 815 443 885 nominatio
460 815 711 886 Gubernatorum
727 816 964 888 Prouincialium
982 822 1091 904 fieret,

99 976 154 1020 ac
186 953 342 1045 quomodo
369 953 520 1045 paulatim
548 954 717 1022 Provinciis
746 953 961 1024 confirmatum
987 960 1024 1028 sit
1042 963 1092 1050 jus

103 1089 296 1184 designandi
316 1093 510 1184 praeferrem
532 1092 607 1183 ipsis
629 1091 867 1184 imponendum,

546 1357 569 1464 a
597 1355 671 1440 111.

311 1638 363 1704 ne
380 1644 433 1706 rei
455 1641 621 1708 militaris
638 1615 891 1716 procuratione.

162 1901 326 1985 Proxima,
348 1906 393 1972 uri
415 1903 570 1987 vidimus,
593 1929 707 1990 causa,
726 1906 768 1974 ob
786 1929 880 1998 quum
887 1903 1022 1974 Ordines
1031 1906 1098 1974 Ge·

107 2041 231 2108 morales
266 2043 440 2133 congregati
469 2056 580 2124 crant,
611 2043 672 2109 iuit
699 2043 839 2110 militnm
866 2043 1099 2132 Hispanorum,

109 2179 374 2245 tumultuantium
393 2179 500 2260 furor,
516 2167 622 2246 conara
641 2202 718 2270 quos
736 2201 808 2246 cum
818 2183 885 2270 jum
896 2178 1100 2272 quarumdam

108 2314 345 2383 Provinciarum
376 2314 509 2384 Ordines
521 2317 637 2407 copias
657 2329 788 2386 armatos
808 2318 1002 2386 conscribere
1019 2340 1095 2385 coe-

108 2451 253 2543 piorem,
281 2455 464 2525 auctoritate
492 2457 557 2547 ejus
582 2457 629 2523 rei
656 2453 1097 2541 aGoncilioStuturobtenta,

116 2611 203 2656 nuuc
222 2592 400 2680 procuratio
420 2591 605 2661 defensionis
624 2593 797 2660 communis
812 2595 897 2661 uenit
914 2593 954 2660 nd
965 2593 1098 2662 Ordines

121 2727 300 2796 Generalcs.

165 2863 250 2932 Anto
267 2863 370 2931 omnia
390 2862 627 2954 requirebatur,
644 2876 679 2931 ut
699 2864 808 2954 copiae
826 2863 859 2932 in
876 2863 1002 2954 singuiis
1020 2863 1100 2930 Pro-

116 3001 229 3070 vinciis
252 3001 466 3093 conscripcae,
487 2999 528 3067 ad
546 3000 673 3069 unicum
692 3001 861 3068 exercitum
878 3002 1100 3092 conjungeren-

114 3152 179 3209 tur.
204 3137 277 3205 »Il
293 3147 342 3204 ert
352 3140 432 3230 fort
450 3141 564 3230 requio
582 3139 623 3206 de
632 3138 776 3228 jaindre
792 3140 1096 3230 leesorccrctfoa'rc

112 3300 185 3370 ung
203 3300 305 3368 corps
315 3327 326 3359 ,
341 3299 434 3368 pour
443 3279 546 3367 faire
565 3285 646 3344 terte
663 3302 687 3344 a
705 3279 859 3356 Panormi
874 3276 956 3368 (59).

157 3414 279 3483 Eodem
302 3414 354 3481 die
365 3464 376 3497 ,
397 3439 459 3506 quo
479 3414 539 3483 hoc
556 3415 758 3485 decreverunt
768 3415 900 3485 Ordines
909 3415 1075 3502 Generales
1081 3461 1092 3494 ,

115 3568 259 3620 crearunt
286 3553 381 3623 etiam
410 3552 504 3622 duces
533 3567 564 3622 et
584 3556 775 3646 praefectos,
796 3577 832 3622 ac
851 3555 933 3622 eires
951 3545 991 3618 ad
1010 3569 1096 3615 arma

66 3726 68 3731 ·
117 3689 311 3781 suscipienda
336 3690 451 3760 hortati
471 3704 562 3775 sunt;
599 3693 675 3759 item
693 3713 795 3758 arcem
815 3687 1002 3778 Antrmpiae
1022 3707 1093 3750 eos-

117 3828 189 3895 dem
209 3827 335 3920 apgredi
349 3832 517 3920 jusserunt.

144 4145 203 4214 (59)
221 4146 281 4200 iim.
300 4147 326 4201 d.
344 4147 379 4198 m
396 4147 466 4216 Sept.
490 4145 556 4200 1576
573 4148 600 4198 iu
616 4145 689 4198 near.
705 4145 753 4197 dar
764 4143 859 4199 Stoura
870 4147 947 4199 Geel.
958 4149 990 4198 D.
1002 4145 1025 4198 1.
1035 4159 1061 4209 p.
1072 4141 1099 4192 2.

918 4260 966 4324 ps
