2762 4814
625 450 665 512 55

186 676 291 745 hleuse
322 678 406 768 blojo
436 680 522 744 1582
550 699 568 740 e
598 677 756 744 Lustianie
783 679 894 771 legatio
920 681 1027 761 venit,
1047 703 1128 771 quse

133 817 187 904 ab⁸
198 813 373 883 Ordinibus
383 815 584 884 Generalibus
592 813 740 882 auxilium
752 816 946 906 impetraret,
956 841 1019 908 quo
1027 817 1124 883 Prin-

139 974 217 1042 ceps
243 951 397 1020 Antonius
426 952 521 1019 dubia
540 975 592 1018 sua
604 953 699 1040 jura,
719 952 840 1018 ratione
867 953 954 1042 regni
982 954 1125 1044 sperabat

136 1088 288 1156 sustinere
312 1101 419 1156 contra
438 1087 621 1181 Philippum
636 1089 823 1181 Hispaniae,
842 1089 965 1156 hostem
985 1112 1123 1157 commu·

133 1247 231 1308 nem3
262 1225 317 1315 qui
343 1238 413 1316 post
438 1239 573 1293 mortem
600 1227 681 1318 regis
709 1227 840 1295 Henrici
859 1227 941 1308 sibi,
962 1240 995 1294 ut
1015 1226 1127 1316 proxi-.

136 1385 226 1430 mum
247 1385 392 1430 somnam
411 1363 543 1444 deberi,
562 1364 761 1455 perhibebat.

181 1500 305 1591 Duplex
328 1499 402 1584 inde
428 1501 627 1568 commodum
654 1500 825 1569 Ordinibus
853 1499 1028 1582 urridebnt3
1056 1512 1122 1566 tum

135 1658 216 1705 nors
252 1637 405 1728 aggressio
430 1652 536 1705 contra
566 1641 682 1730 Regem
708 1639 901 1731 Philippum,
929 1652 997 1706 tum
1016 1637 1122 1717 lavor,

138 1796 235 1865 quem
246 1824 256 1855 ,
271 1805 275 1812 ¹
290 1774 324 1840 iu
351 1797 423 1842 casu
442 1775 516 1842 boni
533 1766 685 1844 successus
709 1777 851 1844 obtinere
879 1788 1001 1867 possent
1029 1772 1124 1845 Ordi-

140 1933 196 1978 nes
223 1934 283 2002 pro
301 1926 476 1980 mercatura
495 1915 611 1982 sirium
630 1937 776 1986 suorum:
796 1914 914 1988 nimine
931 1928 1036 1982 umen
1056 1913 1124 1983 dif-

139 2049 292 2116 licultates
319 2051 477 2141 praevisae
515 2049 651 2130 Ordines
675 2051 871 2142 tergiuersari
898 2049 1062 2130 fecerunt,
1093 2062 1124 2117 et

136 2199 206 2278 post
225 2187 348 2255 crebras
367 2201 488 2256 tautum
506 2189 665 2256 instantius
684 2189 848 2257 Lusitanus
866 2187 1050 2255 lunarium
1070 2187 1126 2253 sd-

137 2323 311 2392 dictionem
338 2326 460 2417 occepit
470 2376 482 2408 ,
508 2349 639 2418 quarum
657 2349 808 2420 expensae
828 2330 974 2408 137,000
990 2326 1124 2396 floreno·

133 2483 206 2528 rnm
233 2463 432 2547 aestimatus,
462 2465 504 2532 sb
524 2465 668 2534 omuibus
685 2466 854 2534 Provinciis
871 2488 929 2558 pro
948 2477 1015 2536 rato
1034 2477 1124 2556 purte

22 2677 26 2685 .
136 2612 226 2666 erem
245 2600 468 2688 praestandum
490 2602 539 2670 bis
557 2625 630 2671 vero
650 2605 883 2685 cunctantibus,
904 2602 1037 2672 Ordines
1048 2601 1126 2670 llol·
1182 2682 1185 2688 1

141 2732 267 2800 landino
284 2735 326 2801 ob
342 2749 506 2828 urgentem
525 2739 572 2804 rei
591 2737 800 2808 conditionem
818 2763 868 2807 ser
886 2761 978 2806 nares
996 2739 1121 2808 mittere

141 2883 337 2954 statuerunt,
366 2874 547 2964 ceteroquin
576 2897 625 2942 res
645 2889 800 2966 speratum
817 2877 962 2943 effectum
979 2897 1042 2942 non
1062 2874 1124 2943 ba⁴

137 3009 227 3092 buit3
258 3008 389 3076 victorii
413 3011 515 3080 nauali
544 3026 701 3105 reportate
730 3037 786 3106 per
816 3013 971 3105 Hispanos
998 3011 1050 3080 die
1079 3017 1121 3094 26

136 3144 218 3213 run
241 3147 421 3236 assius).

149 3397 498 3413 *n———o—-a

167 3579 227 3646 (43)
244 3582 312 3644 Bon,
333 3583 360 3632 t.
379 3582 458 3632 ivn.
482 3583 499 3633 f.
518 3581 552 3632 2³
568 3584 598 3633 Δ.
618 3585 645 3634 el
660 3583 679 3632 f.
696 3577 732 3632 sl
750 3584 779 3634 B.
