2762 4814
730 451 772 514 90

267 695 339 752 anta
355 681 457 750 omnia
476 682 554 773 llegi
571 693 767 772 competens,
790 677 899 746 exinde
916 677 1243 748 ConcilioStntusde-

265 821 366 888 uoluta
378 870 388 902 ,
427 818 545 911 pariter
572 818 721 910 paulatim
749 817 789 885 ad
817 818 1054 911 competentiam
1084 817 1237 887 Ordinem

263 955 406 1040 nundin
433 953 489 1047 qui
512 955 728 1034 auctoritatem
745 979 830 1024 snam
859 957 892 1024 in
920 979 956 1023 eo
985 957 1120 1025 maxime
1152 981 1239 1028 erer-

259 1107 393 1166 onerant
403 1144 414 1177 ,
424 1092 606 1186 disjiciendo
625 1095 816 1162 mnuiuaenta
824 1145 835 1178 ,
844 1107 908 1164 tam
921 1094 977 1162 diu
992 1109 1143 1164 terrorem
1153 1099 1241 1166 exci-

262 1235 360 1304 tantia
381 1230 608 1325 indigenarum.

306 1371 362 1443 sio
381 1372 524 1464 princeps
542 1369 690 1439 Arausiae
731 1391 767 1438 er
784 1372 927 1439 universo
953 1384 1025 1438 roto
1036 1422 1046 1454 ,
1075 1375 1233 1464 proposuit

261 1531 347 1579 arces
373 1532 476 1578 versus
502 1509 594 1578 urbes
620 1523 741 1602 apertas
759 1510 883 1592 facere;
907 1531 948 1576 ue
965 1509 1100 1601 amplius
1116 1509 1232 1579 civibus

262 1649 473 1718 imminerent.
530 1647 663 1717 Ordines
690 1608 767 1716 baec
794 1647 919 1716 consilia
940 1646 1069 1738 quidem
1088 1669 1238 1740 compro-

263 1786 398 1868 barunt,
424 1783 494 1874 (72)
521 1797 554 1853 at
573 1807 645 1852 cum
662 1787 785 1856 Joanne
812 1786 975 1855 ,lustriaco
993 1785 1054 1853 hoe
1073 1786 1141 1877 ipso
1158 1798 1239 1853 tem-

260 1945 338 2018 pore
368 1936 511 2017 agentes,
524 2015 530 2022 Ι
543 1923 686 1992 ellectum
714 1923 971 1990 deliberationum
999 1924 1238 2015 exspectandum

262 2063 490 2146 decernebant,
521 2063 606 2154 prius
633 2085 729 2154 quam
755 2062 895 2153 Regem,
919 2029 960 2128 ¹in
976 2063 1049 2152 jure
1065 2061 1123 2153 ipsi
1144 2083 1236 2129 oom-

260 2217 387 2295 pcteute
410 2199 598 2283 exercendo,
621 2199 790 2269 laederent.
890 2221 896 2232 ·

306 2339 401 2407 Paulo
427 2348 518 2427 post,
552 2335 604 2401 die
635 2339 656 2402 4
677 2327 755 2404 Deo.
767 2297 784 2417 ,ι
797 2337 865 2403 ausi
883 2349 953 2405 sunt
976 2337 1106 2405 ulterius
1122 2361 1234 2430 proce·

260 2476 356 2558 dere,
372 2485 558 2553 statuentes,
569 2483 605 2539 nt
625 2493 709 2539 arces
728 2473 854 2540 interim
872 2495 932 2541 uec
949 2474 1147 2543 reficerentur
1158 2499 1232 2558 ,nec

259 2613 491 2682 demolirentur.

304 2753 364 2822 llio
390 2755 412 2819 6
439 2749 551 2826 rabo„
567 2753 650 2818 157⁷
680 2747 783 2816 adbuc
810 2749 952 2817 arbitrati
978 2763 1067 2832 mut,
1095 2749 1233 2820 (tenoilo

259 2889 364 2961 Stttur
378 2899 555 2980 compatere
563 2886 742 2955 facultatem
752 2885 793 2954 de
803 2884 1003 2954 demolitione
1010 2889 1230 2980 cognoscendi3

261 3025 335 3095 dum
354 3028 407 3094 sud
425 3025 657 3108 intercessione,
681 3023 913 3092 demolitionem
929 3026 1008 3094 arcis
1021 3027 1233 3119 Grouingmee

258 3165 299 3230 ab
318 3165 372 3230 illo
389 3185 518 3255 corpore
536 3161 763 3255 impetrandam
780 3165 976 3255 promittuut.
1019 3139 1020 3142 Ἴ
1112 3253 1115 3258 .

304 3295 550 3368 sollicitantibus
565 3301 684 3369 ciuibus
706 3301 894 3394 intrerpiae
905 3353 916 3384 ,
929 3301 1095 3370 ediderunt
1106 3300 1229 3372 Ordines

258 3437 339 3507 Gen.
365 3435 449 3526 jussa
478 3433 531 3502 die
558 3440 600 3504 27
629 3438 729 3529 Apu,
758 3461 861 3506 arcem
880 3439 982 3508 dictae
1001 3441 1088 3508 urbis
1105 3440 1145 3506 ita
1161 3436 1227 3505 dis·

258 3572 403 3657 nandi,
423 3585 459 3642 ut
474 3575 696 3644 mercatoribus
714 3575 917 3646 diffidentiam
937 3579 1019 3646 ciere
1037 3579 1123 3646 nullo
1141 3572 1230 3644 modo

258 3714 391 3805 amplius
418 3726 542 3805 posaet3
577 3728 729 3784 seruantes
752 3729 854 3784 tamen
875 3716 1006 3784 formam
1034 3716 1225 3808 legitimam,

286 4079 344 4149 (72)
362 4079 422 4131 Iter.
445 4082 479 4134 29
506 4087 569 4138 llos.
601 4087 666 4139 tote
695 4089 722 4139 iu
750 4088 819 4140 Bari.
841 4091 889 4143 der
909 4092 1003 4144 Stetere
1021 4093 1097 4147 Geel.
1116 4095 1146 4144 1).
1167 4094 1189 4145 1.
1208 4109 1231 4159 p.

367 4170 425 4223 lde.
