2762 4814
584 436 624 498 63

163 665 280 746 Paeto,
314 664 366 730 die
396 667 436 732 19
466 664 554 754 Sept.
586 687 614 748 a.
637 669 721 732 1580
741 667 781 731 ab
802 665 970 734 Ordinibus
990 669 1096 737 Gene-

95 803 232 870 ratibus
260 801 357 882 inito,
382 824 443 891 quo
467 761 591 868 Duceni
605 801 810 892 Alenqonium
829 803 987 872 dominnm
1005 829 1094 874 rece-

94 954 249 1032 perunt,
271 938 404 1009 ¹Ordines
418 938 601 1006 Hollandine
611 952 643 1005 et
652 939 835 1006 Zeelandiae
845 963 980 1032 expresse
988 966 1096 1012 acees-

101 1090 222 1145 serunt
242 1077 324 1166 (14).
370 1079 408 1142 ln
427 1077 568 1146 trtiouto
587 1078 961 1168 aju213⁰enutumerat,
984 1080 1094 1148 utdie·

102 1228 168 1282 taa
195 1214 273 1281 duae
300 1214 479 1282 Provinciae
506 1216 539 1282 in
564 1239 602 1282 eo
620 1229 701 1284 statu
718 1231 911 1298 manerent,
936 1241 1100 1308 quonune
1198 1242 1206 1256 ¹
1259 1219 1262 1228 '

104 1367 221 1436 erant,
254 1367 318 1420 tam
342 1353 462 1420 ratione
486 1354 662 1444 religionis,
693 1377 786 1444 qnam
814 1355 848 1419 in
867 1356 978 1422 ceteris
997 1357 1102 1423 causis

99 1504 233 1558 tantum
258 1513 323 1557 sere
348 1491 546 1580 subjicientes
573 1490 749 1564 auctoritati
767 1492 862 1559 Ducis
879 1506 911 1561 et
929 1493 1094 1560 Generali-

102 1631 185 1697 tatis
204 1630 237 1694 in
257 1633 355 1695 causis
373 1627 467 1708 belii,
492 1627 525 1694 in
540 1626 664 1696 tributis
684 1641 715 1696 et
733 1627 899 1720 privilegiis
910 1676 921 1712 ,
933 1651 1097 1720 quaecum

107 1765 185 1833 aliis
207 1763 378 1833 Provinciis
399 1763 574 1830 eommunia
598 1776 695 1832 erant.

163 1903 231 1970 Hae
259 1915 362 1969 tamen
382 1901 561 1970 Provinciae
587 1902 707 1970 Ducem
727 1901 889 1970 dominum
909 1927 998 1972 suum
1015 1927 1097 1998 pro·

104 2041 246 2106 ciamare
264 2051 442 2106 recusarunt
454 2037 558 2121 ,hune
576 2041 679 2130 ipsum
698 2054 757 2110 art.
780 2041 1018 2140 13reierentes,
1029 2065 1100 2132 quo

96 2177 171 2250 ,illis
194 2199 336 2268 praesens
357 2169 496 2244 conditio
522 2199 664 2244 concaua
686 2191 752 2245 erat
772 2179 805 2244 iu
825 2177 986 2261 ornnflvus,
1011 2201 1096 2270 quae

105 2314 381 2387 nonnomiuatim
411 2327 537 2406 excepta
556 2327 662 2398 erant;
688 2315 811 2407 itaque,
836 2340 932 2408 quum
951 2318 1097 2410 Principi·

109 2452 260 2520 Arausiae
274 2475 432 2521 summum
452 2453 626 2524 dominium
637 2455 704 2544 jam
718 2453 919 2538 detulissent,
945 2457 1015 2546 (tc)
1030 2455 1099 2534 hoc

108 2589 158 2654 itti
179 2613 262 2656 nnnc
283 2613 388 2657 rursus
411 2614 474 2657 non
496 2592 696 2658 animandum
721 2615 804 2675 esse,
827 2595 1070 2672 arbitrabantur.
1184 2644 1193 2656 -

160 2723 299 2791 Tandem
327 2727 490 2792 consiliunt
510 2740 694 2808 mutarunt,
724 2742 886 2818 postquam
907 2730 1102 2820 Alenconins

112 2861 292 2930 solemniter
318 2863 488 2930 obtestatus
516 2837 615 2945 esset,
648 2866 673 2932 si
701 2863 804 2932 dictae
829 2849 1010 2934 Provinciae
1033 2867 1100 2957 ipsi

109 2999 327 3090 jusjurandum
354 3000 478 3069 solitum
504 3015 659 3093 praesare
687 3002 820 3084 vellent,
851 3026 883 3070 se
901 2986 968 3074 ‘otas
986 3004 1026 3072 ad
1043 3005 1093 3073 ni·

109 3137 158 3204 hil
185 3159 249 3205 esse
277 3137 503 3230 obligaturum,
534 3140 596 3206 nisi
620 3154 656 3207 ut
675 3141 880 3208 communiter
900 3142 1017 3210 bellum
1035 3166 1098 3235 ger

111 3289 265 3344 retentet
275 3323 277 3330 ·
279 3281 378 3369 justas
397 3301 542 3370 expensas
563 3280 731 3362 noluerent,
756 3282 821 3371 ipso
840 3281 1006 3352 Arausiaeo
1020 3285 1099 3356 illoc⁴

114 3427 148 3482 nt
168 3414 229 3482 hoc
250 3419 411 3506 jurarent,
435 3417 617 3486 adhortante
646 3419 729 3507 (16).

142 3723 196 3792 (14)
214 3727 288 3778 Cous.
308 3723 432 3778 t.'xv11.
452 3729 471 3778 f.
492 3729 523 3776 13
540 3729 569 3778 Β.

142 3814 197 3882 (to)
214 3817 275 3867 Rea.
294 3818 329 3867 28
343 3818 415 3883 April
431 3817 497 3868 1576
516 3819 586 3868 Beal.
602 3819 649 3868 dar
669 3817 709 3866 St.
731 3833 756 3866 o.
779 3817 894 3868 Hellond
908 3818 944 3870 bl.
963 3819 1015 3870 69..

141 3905 197 3974 (to)
214 3923 270 3958 rou.
292 3907 319 3960 Ι..
340 3908 420 3958 xtrt.
442 3911 460 3958 f.
477 3911 493 3959 9
511 3911 548 3960 Α.
579 3911 627 3960 Gr.
647 3911 830 3959 Prrnrnrorr
845 3909 873 3958 n.
895 3910 917 3960 1.
937 3910 973 3961 bt.
994 3909 1045 3960 79„
