2754 4818
558 424 598 486 27

93 656 252 736 bentiee,
281 650 451 722 liberandis
476 650 517 718 ub
543 647 720 716 obedientie
739 622 815 740 Regi
837 649 961 738 jurate,
999 649 1024 716 si
1049 657 1075 716 is

84 797 175 889 leges
198 816 267 861 nou
289 803 432 860 servaret.
479 789 549 857 Art.
574 793 607 858 3.

138 937 175 1002 3.
202 930 425 1000 observaretur
441 951 500 1018 pnx
520 924 738 995 Gendnrensis.
786 925 856 996 Art.
882 928 935 996 11.

141 1074 176 1139 4.
200 1069 342 1160 dirueret
363 1066 472 1158 religio
490 1065 524 1132 in
543 1076 624 1132 stetu
641 1062 818 1156 praesenti,
842 1064 886 1132 irs
907 1076 942 1131 ut
959 1085 978 1130 e
995 1085 1076 1132 uen-

52 1241 55 1250 =
92 1209 143 1276 trd
163 1219 255 1299 purte
272 1204 363 1273 uliter
381 1203 431 1296 egi
452 1201 560 1294 possit.
607 1201 679 1274 lrt.
706 1204 759 1271 12.

139 1342 295 1414 Articulis
318 1365 393 1411 rero
421 1341 471 1408 his
495 1340 600 1410 stetim
617 1363 673 1431 per
691 1342 807 1431 legatos
824 1339 1010 1408 mediatores
1027 1363 1080 1408 re·

86 1482 204 1573 jectis,
236 1480 376 1548 mitiores
400 1477 592 1546 conditiones
619 1492 864 1569 proposuerunt,
898 1481 930 1544 in
966 1479 1079 1570 quibus
1200 1541 1202 1546 .
1307 1563 1310 1572 Ι

90 1619 269 1687 omiserunt
288 1618 464 1685 Articulum
482 1615 631 1698 tertium,
654 1627 686 1682 et
704 1636 772 1682 rem
792 1614 831 1682 de
847 1614 997 1707 religione
1024 1615 1080 1684 de·

97 1756 214 1824 cisioni
234 1753 389 1824 Ordinem
408 1753 604 1822 Generalium
628 1753 816 1824 detulerunt.

148 1896 181 1963 l.
207 1891 259 1960 lh
283 1892 377 1959 elterr
396 1905 486 1982 parte
504 1891 569 1960 Rex
580 1941 590 1973 ,
615 1891 686 1994 Ι(26)
703 1904 888 1984 separatum
898 1890 1082 1972 declararit,

96 2029 139 2098 ed
177 2029 368 2099 oblivionem
395 2010 564 2110 omnium,
605 2051 686 2119 quse
718 2030 759 2096 ab
790 2027 914 2095 exordio
941 2042 1084 2097 motuum

95 2149 285 2238 occidissent
332 2165 586 2250 mnuedeudum,
637 2166 713 2234 setis
758 2164 910 2235 Matthias
936 2145 1084 2260 compre-

100 2305 221 2378 hensis.
270 2307 588 2376 Art.1.2.3.15.

149 2449 184 2514 2.
210 2444 458 2513 Restituerentur
493 2443 575 2510 bonu
612 2443 771 2534 publicata
805 2455 836 2511 et
864 2441 995 2514 honores
1026 2445 1064 2514 iis
1075 2491 1086 2526 ,

104 2582 162 2672 qui
180 2582 243 2649 illis
262 2582 364 2650 exussi
385 2593 495 2654 essent.
542 2582 612 2650 Art.
636 2586 669 2650 9.
696 2585 750 2650 10.
776 2585 831 2651 16.

156 2723 192 2788 3.
216 2717 439 2785 liberarentur
449 2717 563 2808 captivi
572 2720 719 2808 cujusque
730 2721 839 2810 partis.
886 2719 957 2790 Art.
971 2723 1089 2814 13114.

161 2858 197 2926 4.
218 2853 335 2921 Milites
354 2853 489 2920 extranei
510 2853 680 2922 Provinciis
699 2854 898 2937 excederent,
924 2869 955 2923 et
973 2855 1095 2948 indige·

110 3014 196 3074 nee,
223 2990 263 3058 nd
288 2990 368 3058 eires
387 2989 587 3060 sublevandos
601 3004 879 3062 exauctorarentur.
926 2994 996 3064 Art.
1014 3000 1047 3066 6.
1059 2999 1093 3067 6.

158 3139 193 3202 5.
217 3128 464 3221 Suspenderetur
483 3130 600 3198 exactio
618 3131 824 3212 tributorum,
843 3133 1101 3223 queetnrberum.

113 3289 206 3336 ceusu
229 3268 382 3360 imperate
405 3281 504 3353 erent.
550 3271 620 3337 Art.
646 3273 665 3337 7
689 3273 723 3339 8.

158 3411 194 3476 6.
217 3405 266 3474 De
285 3407 434 3498 religione
455 3420 558 3475 eutem
570 3456 581 3489 ,
612 3419 671 3477 nrt.
695 3410 747 3477 17.
771 3410 830 3490 16,
849 3411 969 3478 excluse
987 3411 1095 3500 queris

112 3544 193 3626 ulie,
209 3544 561 3616 Romano-Getholicnm
571 3568 628 3636 per
636 3546 790 3614 universus
800 3547 988 3627 Provincias,
1002 3546 1095 3612 unice

114 3679 278 3748 colendum
305 3705 369 3750 esse
395 3681 591 3774 postulabat,
615 3681 866 3752 dissentientibus
889 3680 1101 3773 quadriennio,

118 3837 259 3886 concesso
282 3831 316 3885 ut
339 3819 495 3887 territorio
518 3819 711 3892 excederent.

374 4020 454 4033 ’.υ-

148 4140 205 4206 (25)
223 4143 289 4192 Loco
305 4142 407 4204 citato,
427 4159 452 4209 p.
470 4143 530 4192 360.
