2762 4814
598 455 638 518 57

113 673 279 770 inessent:
305 677 382 745 dum
400 689 507 744 mutua
523 676 669 767 praestita
686 697 777 766 opera
787 723 797 758 ,
807 679 909 752 omnia
917 679 1112 764 conferrent,

115 815 172 882 ad
194 839 305 910 paoem
325 815 554 884 restaurandam
571 813 764 894 necessaria,
782 835 861 906 quae
878 817 1110 886 couventionon

115 953 272 1023 murltum
290 952 396 1020 abesse
411 965 553 1045 poterat,
574 973 670 1037 quum
689 973 801 1044 parum
820 951 991 1020 differentia
1009 953 1112 1023 adhuc

120 1091 220 1160 inter
239 1091 317 1184 ipsas
337 1091 506 1172 exstiterit,
524 1111 605 1180 quae
621 1088 802 1181 praesertim
822 1087 863 1156 ad
882 1089 1063 1181 religionem
1081 1107 1112 1162 et

119 1246 287 1295 recemum
309 1227 445 1296 militum
468 1241 682 1296 crumentum
705 1225 879 1297 attinebat:
907 1228 1015 1320 itaque
1041 1251 1113 1321 coge

116 1365 198 1432 nito
215 1364 356 1434 Odiunm
371 1363 570 1435 Geuaralium
578 1365 706 1433 consilio
721 1363 931 1456 dereligione,
941 1365 1114 1438 rmerimilo

115 1514 219 1584 erat,
243 1502 312 1569 fore
331 1516 367 1570 ut
383 1502 565 1570 Provinciae
585 1502 665 1570 duae
683 1524 716 1569 sc
730 1504 833 1594 justae
852 1503 999 1571 uoluntati
1018 1505 1112 1596 llcgia

122 1637 172 1726 (i.
190 1657 227 1709 e.·
246 1605 402 1707 ilrdinum
421 1639 638 1722 Generalium·,
649 1643 713 1732 ejus
722 1640 825 1708 locum
836 1640 1019 1731 tenentium)
1029 1641 1109 1712 rub-

118 1777 258 1845 mittere
280 1777 403 1848 vellent.
450 1776 569 1865 Quibus
588 1777 730 1845 omuibus
749 1779 916 1868 perspectis
935 1776 1110 1852 Concilium

119 1913 238 1984 Statua
255 1927 467 1995 commorant,
487 1913 601 2004 legatos
614 1913 1111 1990 llollaudiacetlcelaudiaesro-

10 2103 18 2114 .
119 2073 222 2132 caro,
243 2063 277 2118 ut
296 2050 403 2119 abillis
412 2050 642 2119 Provinciamm
650 2051 809 2142 proposita
818 2067 1036 2142 cognoscerent
1046 2055 1108 2144 (2).

119 2189 186 2258 llis
203 2189 316 2256 litteris
334 2211 432 2279 quum
450 2153 603 2256 smmum
615 2186 790 2256 Concilium
807 2189 990 2257 seutentiam
1000 2213 1106 2279 suam,

110 2326 189 2416 jam
206 2325 240 2397 d.
260 2332 302 2395 26
321 2325 410 2419 Sept.
429 2327 605 2418 protulisset
614 2326 662 2416 (3)
671 2375 682 2409 ,
703 2325 735 2395 d.
758 2330 778 2392 2
797 2324 869 2397 Oct.
885 2325 1017 2396 Ordines
1024 2327 1107 2398 hanc

121 2464 160 2532 iu
179 2465 275 2532 finem
292 2467 426 2557 legatum
446 2466 594 2533 miserrmt
604 2514 614 2547 ,
635 2487 707 2532 cum
724 2465 853 2557 epistola
863 2513 874 2546 ,
897 2463 949 2532 dic
964 2470 1006 2535 27
1016 2465 1105 2560 Sept.

121 2601 243 2692 scripta
263 2603 333 2690 (4);
371 2625 433 2693 qua
456 2602 633 2693 Principem
651 2601 854 2669 Arausiacum
871 2601 1008 2693 duosque
1026 2605 1108 2673 Pro-

121 2736 244 2804 uincias
272 2749 466 2803 commovent
490 2735 695 2804 mandatarius
722 2736 848 2804 mittere
869 2737 908 2804 ad
927 2739 1106 2806 deliberan-

122 2872 204 2940 dum
233 2873 273 2940 de
291 2895 368 2963 pace
387 2873 517 2943 interna.
565 2872 695 2964 Insuper
713 2873 746 2939 iu
765 2872 913 2940 concione
929 2875 1022 2965 paulo
1039 2887 1108 2966 post

125 3010 287 3079 declarant
313 3010 489 3078 solemniter
515 3032 547 3077 sc
568 3009 735 3077 -ioederare
762 3010 840 3078 velle
866 3031 938 3078 cum
963 3011 1108 3104 Principe

124 3150 297 3220 Areusiaco
314 3161 347 3216 et
364 3170 436 3215 cum
455 3147 574 3215 duabus
592 3147 762 3216 Provinciis
779 3146 915 3239 ejusdem
933 3163 1035 3242 partes
1054 3175 1106 3220 sc-

83 3353 85 3358 .
124 3289 293 3381 quentibus
304 3337 314 3370 ,
338 3300 373 3356 ut
392 3287 562 3378 conjunctis
578 3285 716 3368 uiribus,
740 3287 800 3354 und
820 3288 989 3380 eidemque
1006 3313 1105 3382 agen.

126 3427 161 3495 di
180 3427 319 3510 ratione,
342 3411 383 3493 ad
400 3425 536 3495 militum
556 3424 720 3494 discessum
738 3424 935 3496 efficiendum
952 3428 1031 3498 uires
1049 3429 1105 3497 ad·

125 3564 339 3655 biberent(5).

158 3879 199 3946 (2)
217 3879 289 3929 Bul.
309 3879 335 3928 d.
354 3875 452 3928 Statori
466 3877 541 3928 θεον.
557 3877 588 3926 l).
604 3877 626 3926 1.
646 3891 672 3941 p.
693 3873 719 3922 5.

157 3971 198 4036 (3)
216 3969 312 4020 ibidem
329 3987 355 4037 p.
374 3969 401 4020 6.

156 4060 197 4126 (d)
216 4062 285 4122 lton,
303 4062 331 4113 t.
350 4061 392 4111 tx.
414 4059 432 4108 i.
452 4056 501 4110 17³
518 4060 549 4109 Δ.
585 4065 589 4072 ’

158 4151 198 4219 (ὅ)
217 4151 277 4204 tter.
296 4151 322 4202 d.
337 4149 354 4198 t
372 4152 430 4201 Oct.
448 4148 520 4200 Bari.
536 4145 583 4198 dai
600 4145 695 4196 Stetere
714 4144 786 4194 Gen.
805 4145 834 4196 Ι).
851 4145 874 4198 1.
895 4161 920 4211 p.
942 4145 994 4207 nt,
1012 4144 1057 4195 ut.
