2754 4818
759 431 801 492 30

337 657 679 752 comprehenderentur
696 657 760 728 hoe
776 669 867 750 puoto
885 656 1002 748 Regius
1016 655 1149 748 tngtiae
1155 668 1192 724 et
1205 656 1281 724 box

289 797 487 889 Aleneonius.
534 800 605 868 tu.
630 802 685 866 20.

334 935 373 1002 ln
398 934 519 1004 dnobus
544 937 681 1004 articulis
708 897 873 1026 superetis,
905 955 953 1000 res
973 932 1198 1000 Ecclesiastiea
1228 939 1273 999 ito

288 1086 356 1142 erut
382 1072 543 1153 ordinem,
576 1085 612 1141 ut
638 1073 672 1140 in
689 1070 854 1140 Holltndin
873 1083 906 1138 et
924 1069 1108 1152 Zeeltndin,
1134 1094 1173 1136 er
1193 1093 1272 1162 pene

287 1209 481 1279 Gundnrensi
523 1211 688 1278 constitute
728 1221 887 1290 maneret,
924 1206 984 1276 buo
1011 1210 1080 1300 lege
1111 1222 1149 1276 nt
1178 1209 1274 1277 nrbes

290 1345 458 1416 Cttbolieis
494 1349 750 1430 restituerentur,
788 1371 865 1438 ques
891 1359 1032 1437 tempure
1058 1347 1156 1414 tuine
1185 1347 1274 1438 punis

288 1498 452 1576 ooeupntes
473 1487 653 1554 tenuissent.

336 1622 372 1690 tn
400 1621 525 1712 nonque
552 1622 723 1691 protractu
750 1621 859 1713 religio
875 1595 1204 1690 nomano-nunnus
1224 1623 1272 1689 n-

286 1771 373 1849 tegre
396 1772 585 1840 servaretur,
608 1759 820 1829 dissentientes
843 1773 948 1827 temen
971 1759 1184 1830 tolerarentur.
1362 1745 1365 1870 Ι

335 1896 420 1983 Quae
438 1895 541 1989 eapite
560 1919 656 1988 quum
676 1896 716 1963 ud
735 1896 890 1965 Ordinnm
905 1896 1049 1965 mnndttn
1066 1900 1198 1988 propius
1216 1899 1275 1965 eli-
1362 1917 1366 1982 t

290 2033 1022 2126 qutntnmeocederent,legetiillndijndicendu
1032 2034 1275 2105 OrdinibusGe-

289 2172 446 2240 nernlibns
454 2173 615 2255 miserunt,
627 2175 807 2264 quieneum
818 2174 987 2242 Provinciis
997 2173 1276 2266 singulisoommu-

289 2309 446 2388 nienrunt,
470 2311 926 2404 utuneqnnequesignifionret,
949 2311 1275 2403 quiddeiissentiret.

335 2443 440 2533 Atque
460 2444 619 2536 npptruit,
645 2445 685 2514 de
704 2461 835 2538 quatuor
854 2450 1008 2541 capitibus
1021 2453 1089 2541 jum
1103 2451 1276 2518 conuenire
1365 2499 1369 2610 1

143 2649 147 2657 ,
290 2581 369 2673 negt
386 2604 460 2650 curn
479 2581 667 2654 Ordinibus:
694 2585 823 2656 scilieet.

337 2723 367 2791 l.
392 2720 441 2788 lte
460 2719 583 2789 tuendis
601 2723 681 2790 Pace
700 2723 894 2792 Gauderensi
904 2773 915 2807 ,
938 2725 1061 2793 Unione
1078 2725 1275 2794 bruxellensi

288 2872 320 2930 et
342 2857 455 2928 utinm
476 2861 643 2952 Perpetuo.

335 3003 369 3070 2.
393 2997 442 3066 De
463 2999 612 3066 amnestia
634 3021 688 3066 seu
711 2999 872 3067 oblivionis
895 3013 998 3093 pecto.

306 3173 307 3178 κ
335 3139 368 3204 3.
392 3134 440 3202 De
470 3135 623 3202 terrendis
649 3136 881 3204 Protineiurnm
902 3138 1028 3229 jussibus
1048 3153 1080 3207 et
1098 3140 1273 3232 privilegiis

288 3268 440 3338 universe.

337 3410 369 3477 4.
393 3408 442 3474 De
459 3406 652 3476 removendis
665 3410 818 3480 militibus
833 3417 993 3486 extraneis.

334 3545 446 3638 Neque
461 3557 564 3614 temen
583 3545 632 3615 bis
649 3551 917 3635 concessionibus,
940 3554 1076 3645 quibus,
1100 3554 1192 3622 initio
1201 3567 1273 3623 tnr-

288 3685 398 3752 berum
430 3686 646 3754 rerusimiliter
675 3687 846 3758 Ordinibus
873 3690 964 3783 plene
990 3693 1096 3761 fnisset
1123 3693 1271 3762 satisfec-

145 3890 147 3898 ,
288 3835 374 3904 tum,
397 3819 481 3890 nuno
490 3823 587 3892 iidem
607 3826 743 3895 contenti
763 3829 899 3899 fuerunt.

332 3960 456 4028 Etenim
472 3977 630 4053 praeterea
646 3965 698 4033 die
713 3969 755 4032 24
771 3965 853 4037 Not.
872 3972 968 4035 1579.

335 4103 367 4168 5.
393 4098 463 4187 (29)
493 4102 704 4190 postulurnnt,
738 4127 778 4171 ne
806 4128 891 4174 trees
919 4105 1176 4188 aedificarentur,
1204 4108 1266 4174 nisi
