2754 4818
769 421 810 482 28

349 655 381 719 7.
405 649 579 718 Auctoritas
598 659 630 716 et
645 647 822 725 obedientie
836 649 915 741 negt
926 646 1049 730 debita,
1072 643 1282 718 restitueren-

300 801 351 856 tur
379 810 416 856 ne
442 799 655 869 servarentur,
679 787 783 878 quales
810 788 932 854 fueraut
951 799 1092 878 tempore
1111 785 1216 854 Caroli
1236 789 1277 857 V.

299 925 370 997 Art.
398 929 450 995 19.
523 973 525 978 -

302 1101 306 1108 ·
343 1068 377 1133 8.
400 1063 462 1130 Par
490 1063 695 1132 Gundnrensir
722 1075 754 1131 et
781 1061 929 1132 Edictum
948 1065 1137 1154 Perpetuam
1155 1063 1276 1154 integra

296 1215 477 1283 manerent,
510 1216 660 1293 quatenus
684 1203 802 1270 scilieet
818 1202 978 1294 utriusque
997 1202 1100 1292 capita
1116 1203 1275 1293 praesenti

292 1355 384 1432 paeto
407 1363 469 1407 nou
490 1354 707 1432 repugnarent.
757 1340 826 1410 Art.
851 1345 883 1411 2.

313 1517 316 1524 ,
339 1484 373 1548 9.
398 1441 627 1547 Renunciarent
653 1478 787 1570 denique
810 1477 942 1548 Ordines
968 1479 1131 1546 Generuies
1150 1478 1273 1545 eunetis

292 1617 489 1698 foederibus,
519 1617 697 1708 mutuisque
726 1616 940 1708 sponsionibus
947 1625 1050 1696 stam
1072 1616 1155 1683 iutra
1173 1623 1271 1707 quarn

291 1767 375 1822 extra
396 1754 582 1824 Provincias.

335 1898 389 1963 10.
412 1895 517 1984 Atque
551 1890 884 1983 comprehenderentur
912 1889 973 1958 boo
998 1904 1112 1984 paeto,
1144 1893 1266 1984 Regina

285 2030 416 2124 Angline
438 2045 470 2099 et
492 2031 561 2099 Dur
583 2028 823 2122 Audegarensis.
870 2029 941 2100 Art.
965 2033 1020 2098 22.

295 2205 305 2214 *-
331 2169 401 2237 Hae
427 2166 639 2249 conditiones,
664 2189 855 2259 quamquam
874 2167 907 2234 in
926 2167 965 2235 iis
978 2167 1112 2235 multum
1129 2165 1266 2235 rideba-

284 2318 336 2373 tur
363 2304 511 2386 concedi,
541 2317 737 2397 tantoperest
755 2304 889 2374 consiliis
909 2303 1061 2374 0rdiuum
1083 2303 1261 2387 distabant,

284 2454 319 2509 ut
346 2442 440 2534 legati
464 2441 519 2509 has
543 2463 584 2508 ne
601 2441 820 2511 mandentibus
842 2446 903 2510 suis
922 2442 1171 2511 transmittendas
1190 2443 1261 2534 qui-

281 2577 354 2645 dem
376 2537 545 2651 denserent.
558 2580 670 2685 (26).x

236 2749 239 2756 ⁴
326 2716 608 2785 Deliberationibns
639 2740 700 2784 non
730 2716 1021 2811 progredientibus,
1055 2719 1088 2786 iu
1115 2741 1260 2810 magnam

284 2855 450 2924 utilitatem
486 2855 716 2948 Hispanorum,
750 2863 803 2947 qui
840 2856 982 2923 iuterim
1009 2869 1134 2924 auctore
1170 2856 1260 2923 Duee

277 2994 457 3074 Parmensi,
490 2993 630 3061 inducias
656 2995 758 3062 faeere
779 2995 982 3078 recusabant,
1006 3007 1042 3062 ut
1061 2992 1258 3061 obsidionem

277 3129 411 3218 Trajecti
436 3127 476 3194 nd
505 3131 623 3197 Mosam
650 3145 927 3222 persequerentur,
956 3131 1087 3200 Ordines
1111 3130 1255 3198 declara-

277 3277 350 3330 runt
361 3313 372 3344 ,
405 3287 458 3345 se,
493 3266 553 3334 nisi
579 3269 721 3337 meliores
740 3271 880 3337 obtinere
899 3285 1022 3362 possent
1042 3269 1253 3351 conditiones,

253 3427 255 3434 ¹
277 3398 317 3466 de
335 3401 396 3468 alio
415 3401 541 3469 domino
559 3404 619 3471 sibi
638 3406 851 3474 constituendo
870 3410 1055 3500 cogitaturos
1068 3431 1148 3478 esse.
1195 3407 1253 3476 si·
1275 3385 1280 3400 Ι

273 3540 402 3630 mulque
419 3543 576 3632 proposita
596 3544 691 3613 Ducis
709 3545 873 3637 Aleuponii
892 3549 1159 3616 communicarunt
1179 3569 1254 3612 cnm

272 3678 381 3768 legatis
409 3679 654 3765 mediatoribus,
687 3706 724 3751 eo
752 3685 882 3768 effectu,
911 3699 946 3755 nt
972 3685 1008 3752 hi
1035 3685 1087 3751 die
1107 3690 1148 3752 10
1168 3684 1252 3752 Jnlii

273 3839 382 3894 norant
410 3819 622 3902 conditionum
650 3820 887 3889 delineationem
918 3821 1095 3905 adferrent,
1129 3823 1160 3888 in
1187 3847 1250 3914 que

273 4000 611 4018 *nn—*m-

302 4115 359 4180 (uo)
378 4117 447 4181 uos,
468 4119 495 4170 u
515 4120 588 4172 rin.
608 4123 626 4172 r.
653 4122 708 4171 roo.
730 4124 757 4174 r.
