2754 4818
766 409 806 491 tt

297 667 492 724 convocasse,
522 641 688 709 solemnem
716 640 898 732 legationem
919 640 992 706 illuc
1011 641 1137 710 mittere
1157 642 1271 712 decre·

295 796 425 865 rerunt,
458 794 494 849 ut
513 803 617 848 omnes
637 780 804 848 calumnias
821 779 991 859 refutaret,
1016 803 1096 870 quae
1113 768 1223 850 contra
1241 808 1274 851 se

295 933 519 1012 spargerentur.

339 1058 398 1125 Ilie
418 1062 439 1124 9
459 1053 538 1124 Julii
559 1059 644 1123 1582
676 1054 799 1145 itaque,
827 1054 1068 1145 comprobarunt
1086 1055 1271 1126 instructio·

291 1219 381 1278 nem,
405 1196 474 1286 (15)
500 1217 561 1285 qna
580 1193 671 1284 legati
691 1192 724 1258 in
744 1193 944 1260 Germaniam
963 1194 1157 1287 profecturi,
1177 1194 1272 1264 Ordi-

288 1357 365 1403 num
382 1332 590 1401 defensionem
610 1331 809 1423 susciperent.

335 1475 374 1541 ln
392 1474 445 1540 illa
463 1473 529 1540 fuse
547 1470 780 1562 explicabatur,
798 1467 876 1560 quid
892 1471 933 1537 ab
951 1469 1041 1538 initio
1060 1471 1134 1540 inde
1153 1473 1275 1542 factum

289 1623 367 1678 esset
405 1608 445 1674 ud
474 1609 631 1698 ingenium
659 1608 752 1700 Regis
780 1606 964 1699 placandum
976 1657 985 1688 ,
1013 1631 1072 1676 nec
1091 1633 1155 1676 non
1176 1611 1269 1678 saluti

288 1747 434 1840 publicae
451 1745 700 1839 providendum3
720 1747 845 1814 inclusis
862 1746 957 1814 etium
973 1744 1146 1816 defectione
1158 1749 1271 1840 aRege

289 1886 465 1968 declarata,
499 1885 551 1952 die
574 1889 616 1952 26
634 1884 714 1954 Julii
735 1887 841 1964 1581,
861 1896 894 1951 et
913 1882 1067 1952 delatione
1081 1886 1195 1952 summi
1217 1909 1270 1953 re-

288 2025 412 2116 giminis
430 2024 512 2094 Duci
532 2023 723 2114 d’dlenpon3
744 2021 819 2088 dnm
830 2021 893 2088 lide
903 2022 1158 2091 documentorum
1168 2021 1269 2093 muita
1376 2068 1377 2071 =

287 2178 356 2232 acta
375 2163 613 2232 extraordinaria
632 2174 855 2230 excusarentur.

334 2299 452 2368 Gunota
478 2301 549 2367 satis
578 2298 682 2366 lucide
700 2321 733 2367 se
750 2298 884 2390 probare
900 2298 1116 2381 confidebant,
1136 2311 1172 2366 ut
1191 2322 1268 2390 spe-

287 2449 389 2504 rarent
419 2437 578 2527 Principes
601 2435 805 2504 admiratione
823 2436 957 2528 permoti
975 2436 1056 2504 nihil
1074 2438 1106 2503 in
1131 2438 1268 2505 Germa-

285 2577 338 2642 nia
366 2573 435 2642 lieri
462 2573 617 2655 sinerent,
646 2573 730 2663 quod
758 2572 929 2665 Ordinibus
951 2572 1145 2654 detrimento
1170 2590 1265 2657 esset,
1376 2616 1377 2619 =

285 2734 387 2804 neque
412 2712 487 2779 ullas
506 2711 746 2804 conquisitiones
760 2711 896 2779 militum
914 2725 1093 2804 paterentur
1111 2713 1144 2779 in
1165 2712 1264 2782 ditio·

283 2852 375 2919 nibus
403 2851 605 2920 Germanicis.
650 2849 739 2938 Quod
766 2850 792 2917 si
815 2851 923 2933 fieret,
945 2849 1078 2919 Ordines
1098 2852 1264 2920 Genereles

283 2991 467 3080 profitentur
490 3013 523 3057 se
547 2989 644 3079 magis
668 2988 827 3082 magisque
843 2989 981 3080 Imperio
995 3011 1186 3072 accessuros,
1203 2990 1263 3061 de-

282 3125 443 3216 bitamque
464 3125 667 3193 reverentiam
688 3126 883 3218 Principibus
902 3129 1100 3218 praestituros
1119 3151 1195 3198 esse.

328 3260 475 3327 Attamen
501 3283 564 3328 non
584 3262 716 3330 multum
736 3264 932 3354 profecerunt
950 3265 1027 3333 dicti
1044 3269 1159 3358 legati,
1188 3289 1262 3338 cnm

282 3408 387 3464 coetus
413 3409 521 3488 sponte
548 3397 783 3481 dissolveretur,
809 3404 990 3494 priusquam
1014 3404 1092 3495 quid
1109 3419 1261 3474 statutum

280 3549 376 3619 esset,
404 3548 531 3626 urgente
558 3536 616 3602 etsi
636 3536 844 3628 Imperatore,
870 3555 904 3610 nt
924 3540 1034 3611 modus
1054 3557 1256 3626 statueretur,

280 3699 342 3766 quo
373 3674 404 3740 in
432 3671 601 3741 Provinciis
630 3674 763 3766 Belgicis
782 3677 869 3768 quies
886 3681 1007 3748 restitui
1026 3683 1142 3772 possit,
1163 3697 1258 3775 atque

277 3813 319 3904 ita
337 3811 377 3877 ab
395 3812 531 3902 Imperio
550 3812 713 3880 imminens
731 3815 903 3904 periculum
922 3833 1118 3892 averteretur.

316 4011 334 4018 1..
343 4012 631 4024 -......-.,,,,,,-.,,,-,,,,,.

302 4129 360 4197 (rs)
378 4131 445 4192 nos,
465 4132 491 4180 n.
513 4130 596 4182 ntur.
615 4137 634 4187 r.
653 4135 686 4184 23
703 4135 735 4186 t.
