<?xml version="1.0" encoding="UTF-8"?>
<!DOCTYPE html PUBLIC "-//W3C//DTD XHTML 1.0 Transitional//EN"
    "http://www.w3.org/TR/xhtml1/DTD/xhtml1-transitional.dtd">
<html xmlns="http://www.w3.org/1999/xhtml" xml:lang="en" lang="en">
 <head>
  <title>
</title>
<meta http-equiv="Content-Type" content="text/html;charset=utf-8" />
  <meta name='ocr-system' content='tesseract 3.04.00' />
  <meta name='ocr-capabilities' content='ocr_page ocr_carea ocr_par ocr_line ocrx_word'/>
</head>
<body>
  <div class='ocr_page' id='page_1' title='image "./disputatiohisto00unkngoog_0061.png"; bbox 0 0 2754 4818; ppageno 0'>
   <div class='ocr_carea' id='block_1_1' title="bbox 591 421 630 483">
    <p class='ocr_par' dir='ltr' id='par_1_1' title="bbox 591 421 630 483">
     <span class='ocr_line' id='line_1_1' title="bbox 591 421 630 483; baseline 0.026 -1"><span class='ocrx_word' id='word_1_1' title='bbox 591 421 630 483; x_wconf 84' lang='grc'><strong>47</strong></span> 
     </span>
    </p>
   </div>
   <div class='ocr_carea' id='block_1_2' title="bbox 123 650 1154 1156">
    <p class='ocr_par' dir='ltr' id='par_1_2' title="bbox 123 650 1102 1016">
     <span class='ocr_line' id='line_1_2' title="bbox 124 650 1102 743; baseline 0 -25"><span class='ocrx_word' id='word_1_2' title='bbox 124 650 324 718; x_wconf 75' lang='lat' dir='ltr'><strong>enehietmea</strong></span> <span class='ocrx_word' id='word_1_3' title='bbox 344 653 555 743; x_wconf 68' lang='lat' dir='ltr'><strong>privileges,</strong></span> <span class='ocrx_word' id='word_1_4' title='bbox 577 659 689 717; x_wconf 82' lang='lat' dir='ltr'><strong><em>contre</em></strong></span> <span class='ocrx_word' id='word_1_5' title='bbox 707 659 778 718; x_wconf 82' lang='lat' dir='ltr'><strong>tous</strong></span> <span class='ocrx_word' id='word_1_6' title='bbox 794 653 908 732; x_wconf 68' lang='lat' dir='ltr'><strong>ceule,</strong></span> <span class='ocrx_word' id='word_1_7' title='bbox 932 655 993 742; x_wconf 79' lang='lat' dir='ltr'><strong>qui</strong></span> <span class='ocrx_word' id='word_1_8' title='bbox 1009 651 1102 719; x_wconf 82' lang='lat' dir='ltr'><strong>deei-</strong></span> 
     </span>
     <span class='ocr_line' id='line_1_3' title="bbox 123 788 1092 881; baseline -0.001 -24"><span class='ocrx_word' id='word_1_9' title='bbox 123 798 241 857; x_wconf 83' lang='lat' dir='ltr'><strong>reront</strong></span> <span class='ocrx_word' id='word_1_10' title='bbox 260 798 292 856; x_wconf 84' lang='lat' dir='ltr'><strong>et</strong></span> <span class='ocrx_word' id='word_1_11' title='bbox 312 789 500 856; x_wconf 80' lang='lat' dir='ltr'><strong>taecdcront</strong></span> <span class='ocrx_word' id='word_1_12' title='bbox 509 788 550 855; x_wconf 90' lang='lat' dir='ltr'><strong>de</strong></span> <span class='ocrx_word' id='word_1_13' title='bbox 560 789 737 881; x_wconf 69' lang='lat' dir='ltr'><strong>mdjugsrer</strong></span> <span class='ocrx_word' id='word_1_14' title='bbox 751 791 785 856; x_wconf 82' lang='lat' dir='ltr'><strong>ai</strong></span> <span class='ocrx_word' id='word_1_15' title='bbox 796 789 964 856; x_wconf 79' lang='lat' dir='ltr'><strong>honnestee</strong></span> <span class='ocrx_word' id='word_1_16' title='bbox 977 799 1009 856; x_wconf 83' lang='lat' dir='ltr'><strong>et</strong></span> <span class='ocrx_word' id='word_1_17' title='bbox 1017 792 1092 878; x_wconf 80' lang='lat' dir='ltr'><strong>loy·</strong></span> 
     </span>
     <span class='ocr_line' id='line_1_4' title="bbox 123 927 480 1016; baseline 0 -20"><span class='ocrx_word' id='word_1_18' title='bbox 123 931 212 996; x_wconf 75' lang='lat' dir='ltr'><strong>ouLe</strong></span> <span class='ocrx_word' id='word_1_19' title='bbox 234 927 373 1016; x_wconf 70' lang='lat' dir='ltr'><strong>mrbjeeta</strong></span> <span class='ocrx_word' id='word_1_20' title='bbox 397 927 480 1016; x_wconf 88' lang='lat'><strong>(21).</strong></span> 
     </span>
    </p>

    <p class='ocr_par' dir='ltr' id='par_1_3' title="bbox 175 1062 1154 1156">
     <span class='ocr_line' id='line_1_5' title="bbox 175 1062 1154 1156; baseline 0.001 -24"><span class='ocrx_word' id='word_1_21' title='bbox 175 1065 275 1152; x_wconf 82' lang='lat' dir='ltr'><strong>Quam</strong></span> <span class='ocrx_word' id='word_1_22' title='bbox 301 1065 434 1132; x_wconf 88' lang='lat' dir='ltr'><strong>obrem</strong></span> <span class='ocrx_word' id='word_1_23' title='bbox 462 1069 572 1156; x_wconf 74' lang='lat' dir='ltr'><strong>gratias</strong></span> <span class='ocrx_word' id='word_1_24' title='bbox 599 1077 695 1156; x_wconf 74' lang='lat' dir='ltr'><strong>agunt</strong></span> <span class='ocrx_word' id='word_1_25' title='bbox 718 1062 852 1132; x_wconf 83' lang='lat' dir='ltr'><strong>Ordines</strong></span> <span class='ocrx_word' id='word_1_26' title='bbox 870 1064 1034 1132; x_wconf 81' lang='lat' dir='ltr'><strong>Generalee</strong></span> <span class='ocrx_word' id='word_1_27' title='bbox 1052 1062 1105 1132; x_wconf 88' lang='lat' dir='ltr'><strong>die</strong></span> <span class='ocrx_word' id='word_1_28' title='bbox 1152 1078 1154 1086; x_wconf 82' lang='grc'>’</span> 
     </span>
    </p>
   </div>
   <div class='ocr_carea' id='block_1_3' title="bbox 126 1201 1105 1274">
    <p class='ocr_par' dir='ltr' id='par_1_4' title="bbox 126 1201 1105 1274">
     <span class='ocr_line' id='line_1_6' title="bbox 126 1201 1105 1274; baseline 0 -4"><span class='ocrx_word' id='word_1_29' title='bbox 126 1207 171 1272; x_wconf 90' lang='grc'><strong>10</strong></span> <span class='ocrx_word' id='word_1_30' title='bbox 200 1203 273 1274; x_wconf 86' lang='lat' dir='ltr'><strong>Jan.</strong></span> <span class='ocrx_word' id='word_1_31' title='bbox 304 1202 394 1270; x_wconf 88' lang='lat' dir='ltr'><strong>simul</strong></span> <span class='ocrx_word' id='word_1_32' title='bbox 417 1203 608 1270; x_wconf 78' lang='lat' dir='ltr'><strong>declarantes</strong></span> <span class='ocrx_word' id='word_1_33' title='bbox 640 1201 700 1270; x_wconf 87' lang='lat' dir='ltr'><strong>sibi</strong></span> <span class='ocrx_word' id='word_1_34' title='bbox 726 1203 844 1269; x_wconf 89' lang='lat' dir='ltr'><strong>nullam</strong></span> <span class='ocrx_word' id='word_1_35' title='bbox 866 1202 898 1270; x_wconf 87' lang='lat' dir='ltr'><strong>in</strong></span> <span class='ocrx_word' id='word_1_36' title='bbox 918 1203 1023 1270; x_wconf 85' lang='lat' dir='ltr'><strong>animo</strong></span> <span class='ocrx_word' id='word_1_37' title='bbox 1041 1225 1105 1272; x_wconf 86' lang='lat' dir='ltr'><strong>esse</strong></span> 
     </span>
    </p>
   </div>
   <div class='ocr_carea' id='block_1_4' title="bbox 12 1341 1105 1432">
    <p class='ocr_par' dir='ltr' id='par_1_5' title="bbox 12 1341 1105 1432">
     <span class='ocr_line' id='line_1_7' title="bbox 12 1341 1105 1432; baseline 0 -22"><span class='ocrx_word' id='word_1_38' title='bbox 12 1391 17 1396; x_wconf 92' lang='lat'>-</span> <span class='ocrx_word' id='word_1_39' title='bbox 120 1343 347 1425; x_wconf 79' lang='lat' dir='ltr'><strong>mutationem,</strong></span> <span class='ocrx_word' id='word_1_40' title='bbox 382 1356 437 1410; x_wconf 85' lang='lat' dir='ltr'><strong>aut</strong></span> <span class='ocrx_word' id='word_1_41' title='bbox 464 1341 584 1410; x_wconf 89' lang='lat' dir='ltr'><strong>domiui</strong></span> <span class='ocrx_word' id='word_1_42' title='bbox 602 1354 655 1408; x_wconf 81' lang='lat' dir='ltr'><strong>aut</strong></span> <span class='ocrx_word' id='word_1_43' title='bbox 674 1341 848 1432; x_wconf 75' lang='lat' dir='ltr'><strong>religionis:</strong></span> <span class='ocrx_word' id='word_1_44' title='bbox 875 1341 957 1409; x_wconf 88' lang='lat' dir='ltr'><strong>bona</strong></span> <span class='ocrx_word' id='word_1_45' title='bbox 978 1343 1105 1410; x_wconf 81' lang='lat' dir='ltr'><strong>interim</strong></span> 
     </span>
    </p>
   </div>
   <div class='ocr_carea' id='block_1_5' title="bbox 120 1477 1128 3636">
    <p class='ocr_par' dir='ltr' id='par_1_6' title="bbox 121 1477 1033 1572">
     <span class='ocr_line' id='line_1_8' title="bbox 121 1477 1033 1572; baseline -0.002 -22"><span class='ocrx_word' id='word_1_46' title='bbox 121 1480 227 1550; x_wconf 90' lang='lat' dir='ltr'><strong>officia</strong></span> <span class='ocrx_word' id='word_1_47' title='bbox 246 1481 387 1572; x_wconf 73' lang='lat' dir='ltr'><strong>Reginae</strong></span> <span class='ocrx_word' id='word_1_48' title='bbox 407 1479 572 1562; x_wconf 80' lang='lat' dir='ltr'><strong>invocant,</strong></span> <span class='ocrx_word' id='word_1_49' title='bbox 595 1477 635 1545; x_wconf 89' lang='lat' dir='ltr'><strong>ad</strong></span> <span class='ocrx_word' id='word_1_50' title='bbox 653 1501 763 1569; x_wconf 88' lang='lat' dir='ltr'><strong>pacem</strong></span> <span class='ocrx_word' id='word_1_51' title='bbox 780 1478 1033 1570; x_wconf 79' lang='lat' dir='ltr'><strong>promovendam.</strong></span> 
     </span>
    </p>

    <p class='ocr_par' dir='ltr' id='par_1_7' title="bbox 120 1616 1106 2240">
     <span class='ocr_line' id='line_1_9' title="bbox 171 1616 1106 1714; baseline -0.004 -26"><span class='ocrx_word' id='word_1_52' title='bbox 171 1619 233 1688; x_wconf 82' lang='lat' dir='ltr'><strong>Die</strong></span> <span class='ocrx_word' id='word_1_53' title='bbox 261 1621 303 1686; x_wconf 86' lang='lat'><strong>18</strong></span> <span class='ocrx_word' id='word_1_54' title='bbox 329 1617 404 1686; x_wconf 86' lang='lat' dir='ltr'><strong>Jan.</strong></span> <span class='ocrx_word' id='word_1_55' title='bbox 435 1616 640 1709; x_wconf 76' lang='lat' dir='ltr'><strong>gaudiosum</strong></span> <span class='ocrx_word' id='word_1_56' title='bbox 665 1616 801 1714; x_wconf 84' lang='lat' dir='ltr'><strong>percussi</strong></span> <span class='ocrx_word' id='word_1_57' title='bbox 829 1616 913 1707; x_wconf 91' lang='lat' dir='ltr'><strong>quod</strong></span> <span class='ocrx_word' id='word_1_58' title='bbox 939 1640 976 1683; x_wconf 86' lang='lat' dir='ltr'><strong>er</strong></span> <span class='ocrx_word' id='word_1_59' title='bbox 1002 1618 1106 1708; x_wconf 81' lang='lat' dir='ltr'><strong>legato</strong></span> 
     </span>
     <span class='ocr_line' id='line_1_10' title="bbox 124 1753 1102 1847; baseline -0.002 -23"><span class='ocrx_word' id='word_1_60' title='bbox 124 1756 167 1824; x_wconf 87' lang='lat' dir='ltr'><strong>de</strong></span> <span class='ocrx_word' id='word_1_61' title='bbox 194 1755 409 1846; x_wconf 75' lang='lat' dir='ltr'><strong>Zwereghem,</strong></span> <span class='ocrx_word' id='word_1_62' title='bbox 433 1757 500 1844; x_wconf 89' lang='lat' dir='ltr'><strong>jam</strong></span> <span class='ocrx_word' id='word_1_63' title='bbox 523 1777 559 1821; x_wconf 85' lang='lat' dir='ltr'><strong>er</strong></span> <span class='ocrx_word' id='word_1_64' title='bbox 577 1753 689 1845; x_wconf 70' lang='lat' dir='ltr'><strong>duplis</strong></span> <span class='ocrx_word' id='word_1_65' title='bbox 709 1753 840 1835; x_wconf 88' lang='lat' dir='ltr'><strong>reduce,</strong></span> <span class='ocrx_word' id='word_1_66' title='bbox 865 1753 943 1822; x_wconf 89' lang='lat' dir='ltr'><strong>baec</strong></span> <span class='ocrx_word' id='word_1_67' title='bbox 960 1756 1102 1847; x_wconf 88' lang='lat' dir='ltr'><strong>percipe·</strong></span> 
     </span>
     <span class='ocr_line' id='line_1_11' title="bbox 120 1892 1104 1985; baseline 0.002 -27"><span class='ocrx_word' id='word_1_68' title='bbox 120 1907 214 1976; x_wconf 82' lang='lat' dir='ltr'><strong>rent3</strong></span> <span class='ocrx_word' id='word_1_69' title='bbox 248 1893 381 1985; x_wconf 77' lang='lat' dir='ltr'><strong>peractis</strong></span> <span class='ocrx_word' id='word_1_70' title='bbox 405 1893 499 1984; x_wconf 77' lang='lat' dir='ltr'><strong>igitur</strong></span> <span class='ocrx_word' id='word_1_71' title='bbox 517 1892 623 1984; x_wconf 71' lang='lat' dir='ltr'><strong>gratiis</strong></span> <span class='ocrx_word' id='word_1_72' title='bbox 641 1892 711 1982; x_wconf 83' lang='lat'><strong>(22)</strong></span> <span class='ocrx_word' id='word_1_73' title='bbox 731 1893 761 1957; x_wconf 90' lang='lat' dir='ltr'><strong>ei</strong></span> <span class='ocrx_word' id='word_1_74' title='bbox 780 1892 958 1974; x_wconf 89' lang='lat' dir='ltr'><strong>declarant,</strong></span> <span class='ocrx_word' id='word_1_75' title='bbox 981 1906 1104 1982; x_wconf 84' lang='lat' dir='ltr'><strong>paratos</strong></span> 
     </span>
     <span class='ocr_line' id='line_1_12' title="bbox 122 2029 1106 2124; baseline -0.004 -24"><span class='ocrx_word' id='word_1_76' title='bbox 122 2055 157 2100; x_wconf 84' lang='lat' dir='ltr'><strong>se</strong></span> <span class='ocrx_word' id='word_1_77' title='bbox 196 2054 261 2100; x_wconf 81' lang='lat' dir='ltr'><strong>esse</strong></span> <span class='ocrx_word' id='word_1_78' title='bbox 292 2043 384 2124; x_wconf 89' lang='lat' dir='ltr'><strong>pacto</strong></span> <span class='ocrx_word' id='word_1_79' title='bbox 410 2053 483 2098; x_wconf 88' lang='lat' dir='ltr'><strong>eum</strong></span> <span class='ocrx_word' id='word_1_80' title='bbox 510 2029 673 2099; x_wconf 72' lang='lat' dir='ltr'><strong>turniaco</strong></span> <span class='ocrx_word' id='word_1_81' title='bbox 700 2029 865 2109; x_wconf 81' lang='lat' dir='ltr'><strong>faciendo,</strong></span> <span class='ocrx_word' id='word_1_82' title='bbox 897 2029 946 2096; x_wconf 90' lang='lat' dir='ltr'><strong>nti</strong></span> <span class='ocrx_word' id='word_1_83' title='bbox 973 2030 1033 2121; x_wconf 84' lang='lat' dir='ltr'><strong>ipsi</strong></span> <span class='ocrx_word' id='word_1_84' title='bbox 1060 2030 1106 2096; x_wconf 91' lang='lat' dir='ltr'><strong>li-</strong></span> 
     </span>
     <span class='ocr_line' id='line_1_13' title="bbox 121 2170 222 2240; baseline 0.03 -3"><span class='ocrx_word' id='word_1_85' title='bbox 121 2170 222 2240; x_wconf 85' lang='lat' dir='ltr'><strong>beret.</strong></span> 
     </span>
    </p>

    <p class='ocr_par' dir='ltr' id='par_1_8' title="bbox 120 2303 1128 3361">
     <span class='ocr_line' id='line_1_14' title="bbox 170 2303 1105 2397; baseline -0.002 -23"><span class='ocrx_word' id='word_1_86' title='bbox 170 2310 262 2374; x_wconf 82' lang='lat' dir='ltr'><strong>Anno</strong></span> <span class='ocrx_word' id='word_1_87' title='bbox 296 2305 346 2374; x_wconf 78' lang='lat' dir='ltr'><strong>vir</strong></span> <span class='ocrx_word' id='word_1_88' title='bbox 373 2304 606 2397; x_wconf 83' lang='lat' dir='ltr'><strong>praeterlapso,</strong></span> <span class='ocrx_word' id='word_1_89' title='bbox 638 2305 780 2373; x_wconf 88' lang='lat' dir='ltr'><strong>obortam</strong></span> <span class='ocrx_word' id='word_1_90' title='bbox 809 2303 996 2374; x_wconf 87' lang='lat' dir='ltr'><strong>discordiam</strong></span> <span class='ocrx_word' id='word_1_91' title='bbox 1023 2305 1105 2373; x_wconf 82' lang='lat' dir='ltr'><strong>inter</strong></span> 
     </span>
     <span class='ocr_line' id='line_1_15' title="bbox 121 2439 1104 2538; baseline -0.001 -25"><span class='ocrx_word' id='word_1_92' title='bbox 121 2439 253 2513; x_wconf 85' lang='lat' dir='ltr'><strong>Ordines</strong></span> <span class='ocrx_word' id='word_1_93' title='bbox 280 2443 360 2513; x_wconf 87' lang='lat' dir='ltr'><strong>Gen.</strong></span> <span class='ocrx_word' id='word_1_94' title='bbox 389 2457 421 2512; x_wconf 92' lang='lat' dir='ltr'><strong>et</strong></span> <span class='ocrx_word' id='word_1_95' title='bbox 444 2443 617 2526; x_wconf 74' lang='lat' dir='ltr'><strong>loannem,</strong></span> <span class='ocrx_word' id='word_1_96' title='bbox 646 2446 764 2536; x_wconf 73' lang='lat' dir='ltr'><strong>legatus</strong></span> <span class='ocrx_word' id='word_1_97' title='bbox 782 2445 900 2538; x_wconf 64' lang='lat' dir='ltr'><strong>duplus</strong></span> <span class='ocrx_word' id='word_1_98' title='bbox 916 2467 1104 2538; x_wconf 85' lang='lat' dir='ltr'><strong>componere</strong></span> 
     </span>
     <span class='ocr_line' id='line_1_16' title="bbox 121 2579 1101 2674; baseline 0.003 -26"><span class='ocrx_word' id='word_1_99' title='bbox 121 2579 239 2649; x_wconf 87' lang='lat' dir='ltr'><strong>studuit</strong></span> <span class='ocrx_word' id='word_1_100' title='bbox 267 2581 362 2670; x_wconf 87' lang='grc'><strong>(23),</strong></span> <span class='ocrx_word' id='word_1_101' title='bbox 385 2579 441 2649; x_wconf 89' lang='lat' dir='ltr'><strong>sed</strong></span> <span class='ocrx_word' id='word_1_102' title='bbox 458 2583 498 2648; x_wconf 85' lang='lat' dir='ltr'><strong>ab</strong></span> <span class='ocrx_word' id='word_1_103' title='bbox 515 2581 576 2650; x_wconf 86' lang='lat' dir='ltr'><strong>hoc</strong></span> <span class='ocrx_word' id='word_1_104' title='bbox 595 2583 728 2672; x_wconf 88' lang='lat' dir='ltr'><strong>superbe</strong></span> <span class='ocrx_word' id='word_1_105' title='bbox 745 2584 906 2674; x_wconf 86' lang='lat' dir='ltr'><strong>repulsus,</strong></span> <span class='ocrx_word' id='word_1_106' title='bbox 930 2605 964 2650; x_wconf 88' lang='lat' dir='ltr'><strong>re</strong></span> <span class='ocrx_word' id='word_1_107' title='bbox 984 2584 1101 2651; x_wconf 82' lang='lat' dir='ltr'><strong>inlecta</strong></span> 
     </span>
     <span class='ocr_line' id='line_1_17' title="bbox 120 2716 1103 2810; baseline 0 -24"><span class='ocrx_word' id='word_1_108' title='bbox 120 2716 270 2786; x_wconf 84' lang='lat' dir='ltr'><strong>recedere</strong></span> <span class='ocrx_word' id='word_1_109' title='bbox 292 2717 423 2798; x_wconf 84' lang='lat' dir='ltr'><strong>debuit,</strong></span> <span class='ocrx_word' id='word_1_110' title='bbox 450 2731 570 2785; x_wconf 88' lang='lat' dir='ltr'><strong>tantum</strong></span> <span class='ocrx_word' id='word_1_111' title='bbox 590 2717 746 2787; x_wconf 85' lang='lat' dir='ltr'><strong>Ordinum</strong></span> <span class='ocrx_word' id='word_1_112' title='bbox 765 2719 965 2786; x_wconf 87' lang='lat' dir='ltr'><strong>Generalium</strong></span> <span class='ocrx_word' id='word_1_113' title='bbox 982 2719 1103 2810; x_wconf 82' lang='lat' dir='ltr'><strong>episto-</strong></span> 
     </span>
     <span class='ocr_line' id='line_1_18' title="bbox 122 2845 1103 2945; baseline 0.001 -23"><span class='ocrx_word' id='word_1_114' title='bbox 122 2857 186 2922; x_wconf 90' lang='lat' dir='ltr'><strong>lam</strong></span> <span class='ocrx_word' id='word_1_115' title='bbox 214 2854 266 2921; x_wconf 89' lang='lat' dir='ltr'><strong>die</strong></span> <span class='ocrx_word' id='word_1_116' title='bbox 296 2857 336 2921; x_wconf 87' lang='grc'><strong>16</strong></span> <span class='ocrx_word' id='word_1_117' title='bbox 363 2854 458 2924; x_wconf 79' lang='lat' dir='ltr'><strong>Febr.</strong></span> <span class='ocrx_word' id='word_1_118' title='bbox 490 2845 768 2945; x_wconf 66' lang='lat' dir='ltr'><strong>temetipum,</strong></span> <span class='ocrx_word' id='word_1_119' title='bbox 800 2855 938 2945; x_wconf 78' lang='lat' dir='ltr'><strong>Reginae</strong></span> <span class='ocrx_word' id='word_1_120' title='bbox 957 2855 1085 2923; x_wconf 83' lang='lat' dir='ltr'><strong>tradens</strong></span> <span class='ocrx_word' id='word_1_121' title='bbox 1092 2905 1103 2938; x_wconf 93' lang='lat'><strong>,</strong></span> 
     </span>
     <span class='ocr_line' id='line_1_19' title="bbox 130 2991 1128 3084; baseline 0.002 -25"><span class='ocrx_word' id='word_1_122' title='bbox 130 2994 191 3084; x_wconf 75' lang='lat' dir='ltr'><strong>qud</strong></span> <span class='ocrx_word' id='word_1_123' title='bbox 209 2991 359 3084; x_wconf 89' lang='lat' dir='ltr'><strong>promissa</strong></span> <span class='ocrx_word' id='word_1_124' title='bbox 373 2991 484 3059; x_wconf 84' lang='lat' dir='ltr'><strong>auxilia</strong></span> <span class='ocrx_word' id='word_1_125' title='bbox 504 2991 670 3084; x_wconf 86' lang='lat' dir='ltr'><strong>implorent</strong></span> <span class='ocrx_word' id='word_1_126' title='bbox 680 3015 772 3074; x_wconf 89' lang='lat' dir='ltr'><strong>‚cum</strong></span> <span class='ocrx_word' id='word_1_127' title='bbox 782 2992 918 3060; x_wconf 86' lang='lat' dir='ltr'><strong>Joannes</strong></span> <span class='ocrx_word' id='word_1_128' title='bbox 927 2993 1128 3062; x_wconf 69' lang='lat' dir='ltr'><strong>lustriacus&#39;</strong></span> 
     </span>
     <span class='ocr_line' id='line_1_20' title="bbox 121 3107 1102 3222; baseline 0.002 -26"><span class='ocrx_word' id='word_1_129' title='bbox 121 3129 161 3196; x_wconf 89' lang='lat' dir='ltr'><strong>ad</strong></span> <span class='ocrx_word' id='word_1_130' title='bbox 180 3107 277 3198; x_wconf 78' lang='lat' dir='ltr'><strong>bonas</strong></span> <span class='ocrx_word' id='word_1_131' title='bbox 294 3131 448 3212; x_wconf 87' lang='lat' dir='ltr'><strong>rationes,</strong></span> <span class='ocrx_word' id='word_1_132' title='bbox 471 3130 581 3198; x_wconf 88' lang='lat' dir='ltr'><strong>reduci</strong></span> <span class='ocrx_word' id='word_1_133' title='bbox 595 3153 657 3198; x_wconf 91' lang='lat' dir='ltr'><strong>non</strong></span> <span class='ocrx_word' id='word_1_134' title='bbox 666 3144 767 3222; x_wconf 88' lang='lat' dir='ltr'><strong>posset</strong></span> <span class='ocrx_word' id='word_1_135' title='bbox 777 3155 798 3198; x_wconf 86' lang='lat'>»</span> <span class='ocrx_word' id='word_1_136' title='bbox 809 3131 1102 3222; x_wconf 72' lang='lat' dir='ltr'><strong>byeoouerrelloo</strong></span> 
     </span>
     <span class='ocr_line' id='line_1_21' title="bbox 123 3267 995 3361; baseline 0.001 -22"><span class='ocrx_word' id='word_1_137' title='bbox 123 3269 194 3339; x_wconf 82' lang='lat' dir='ltr'><strong>Jan</strong></span> <span class='ocrx_word' id='word_1_138' title='bbox 213 3277 263 3336; x_wconf 84' lang='lat' dir='ltr'><strong>tot</strong></span> <span class='ocrx_word' id='word_1_139' title='bbox 277 3269 402 3361; x_wconf 79' lang='lat' dir='ltr'><strong>gdeene</strong></span> <span class='ocrx_word' id='word_1_140' title='bbox 423 3267 542 3335; x_wconf 85' lang='lat' dir='ltr'><strong>redene</strong></span> <span class='ocrx_word' id='word_1_141' title='bbox 558 3291 598 3336; x_wconf 79' lang='lat' dir='ltr'><strong>en</strong></span> <span class='ocrx_word' id='word_1_142' title='bbox 617 3269 722 3336; x_wconf 78' lang='lat' dir='ltr'><strong>wilde</strong></span> <span class='ocrx_word' id='word_1_143' title='bbox 739 3278 892 3337; x_wconf 81' lang='lat' dir='ltr'><strong>veretaeo</strong></span> <span class='ocrx_word' id='word_1_144' title='bbox 910 3271 995 3360; x_wconf 88' lang='grc'><strong>(24).</strong></span> 
     </span>
    </p>

    <p class='ocr_par' dir='ltr' id='par_1_9' title="bbox 123 3407 1100 3636">
     <span class='ocr_line' id='line_1_22' title="bbox 165 3407 1100 3502; baseline 0.001 -27"><span class='ocrx_word' id='word_1_145' title='bbox 165 3407 284 3499; x_wconf 77' lang='lat' dir='ltr'><strong>Regina</strong></span> <span class='ocrx_word' id='word_1_146' title='bbox 318 3420 423 3474; x_wconf 91' lang='lat' dir='ltr'><strong>tamen</strong></span> <span class='ocrx_word' id='word_1_147' title='bbox 461 3407 589 3475; x_wconf 89' lang='lat' dir='ltr'><strong>consilio</strong></span> <span class='ocrx_word' id='word_1_148' title='bbox 627 3421 746 3478; x_wconf 86' lang='lat' dir='ltr'><strong>mutato</strong></span> <span class='ocrx_word' id='word_1_149' title='bbox 782 3432 840 3502; x_wconf 91' lang='lat' dir='ltr'><strong>pro</strong></span> <span class='ocrx_word' id='word_1_150' title='bbox 867 3409 1005 3492; x_wconf 75' lang='lat' dir='ltr'><strong>auxiliis,</strong></span> <span class='ocrx_word' id='word_1_151' title='bbox 1037 3431 1100 3500; x_wconf 89' lang='lat' dir='ltr'><strong>pe-</strong></span> 
     </span>
     <span class='ocr_line' id='line_1_23' title="bbox 123 3545 596 3636; baseline 0.008 -24"><span class='ocrx_word' id='word_1_152' title='bbox 123 3545 230 3612; x_wconf 87' lang='lat' dir='ltr'><strong>cuniae</strong></span> <span class='ocrx_word' id='word_1_153' title='bbox 253 3545 389 3614; x_wconf 83' lang='lat' dir='ltr'><strong>subsidia</strong></span> <span class='ocrx_word' id='word_1_154' title='bbox 411 3546 596 3636; x_wconf 88' lang='lat' dir='ltr'><strong>praestabat.</strong></span> 
     </span>
    </p>
   </div>
   <div class='ocr_carea' id='block_1_6' title="bbox 132 3847 1061 4192">
    <p class='ocr_par' dir='ltr' id='par_1_10' title="bbox 132 3847 1061 4100">
     <span class='ocr_line' id='line_1_24' title="bbox 133 3847 1021 3922; baseline -0.002 -22"><span class='ocrx_word' id='word_1_155' title='bbox 133 3850 190 3918; x_wconf 91' lang='grc'><strong>(21)</strong></span> <span class='ocrx_word' id='word_1_156' title='bbox 207 3853 267 3903; x_wconf 77' lang='lat' dir='ltr'><strong>liet.</strong></span> <span class='ocrx_word' id='word_1_157' title='bbox 287 3853 313 3903; x_wconf 90' lang='lat' dir='ltr'><strong>d.</strong></span> <span class='ocrx_word' id='word_1_158' title='bbox 337 3853 367 3903; x_wconf 88' lang='lat'><strong>10</strong></span> <span class='ocrx_word' id='word_1_159' title='bbox 387 3853 444 3902; x_wconf 85' lang='lat' dir='ltr'><strong>Jan.</strong></span> <span class='ocrx_word' id='word_1_160' title='bbox 464 3852 536 3903; x_wconf 85' lang='lat' dir='ltr'><strong>Beal.</strong></span> <span class='ocrx_word' id='word_1_161' title='bbox 555 3866 580 3904; x_wconf 82' lang='lat' dir='ltr'><strong>o.</strong></span> <span class='ocrx_word' id='word_1_162' title='bbox 601 3853 626 3902; x_wconf 81' lang='lat' dir='ltr'><strong>d.</strong></span> <span class='ocrx_word' id='word_1_163' title='bbox 648 3851 688 3900; x_wconf 82' lang='lat' dir='ltr'><strong>St.</strong></span> <span class='ocrx_word' id='word_1_164' title='bbox 709 3851 774 3900; x_wconf 69' lang='lat' dir='ltr'><strong>Gen.</strong></span> <span class='ocrx_word' id='word_1_165' title='bbox 790 3865 846 3922; x_wconf 69' lang='lat' dir='ltr'><strong>pag.</strong></span> <span class='ocrx_word' id='word_1_166' title='bbox 869 3849 900 3899; x_wconf 88' lang='lat'><strong>10</strong></span> <span class='ocrx_word' id='word_1_167' title='bbox 917 3853 945 3899; x_wconf 84' lang='lat' dir='ltr'><strong>el</strong></span> <span class='ocrx_word' id='word_1_168' title='bbox 961 3847 1021 3898; x_wconf 76' lang='lat'><strong>425.</strong></span> 
     </span>
     <span class='ocr_line' id='line_1_25' title="bbox 132 3937 1061 4010; baseline -0.002 -18"><span class='ocrx_word' id='word_1_169' title='bbox 132 3942 189 4010; x_wconf 88' lang='grc'><strong>(22)</strong></span> <span class='ocrx_word' id='word_1_170' title='bbox 207 3944 268 3996; x_wconf 72' lang='lat' dir='ltr'><strong>ttae.</strong></span> <span class='ocrx_word' id='word_1_171' title='bbox 285 3943 311 3994; x_wconf 91' lang='lat' dir='ltr'><strong>d.</strong></span> <span class='ocrx_word' id='word_1_172' title='bbox 332 3941 362 3993; x_wconf 91' lang='lat' dir='ltr'><strong>l8</strong></span> <span class='ocrx_word' id='word_1_173' title='bbox 379 3944 436 3994; x_wconf 86' lang='lat' dir='ltr'><strong>Jnn.</strong></span> <span class='ocrx_word' id='word_1_174' title='bbox 458 3944 529 3997; x_wconf 85' lang='lat' dir='ltr'><strong>Bael.</strong></span> <span class='ocrx_word' id='word_1_175' title='bbox 549 3957 573 3996; x_wconf 78' lang='lat' dir='ltr'><strong>e.</strong></span> <span class='ocrx_word' id='word_1_176' title='bbox 596 3945 622 3993; x_wconf 83' lang='lat' dir='ltr'><strong>d.</strong></span> <span class='ocrx_word' id='word_1_177' title='bbox 646 3942 686 3991; x_wconf 87' lang='lat' dir='ltr'><strong>St.</strong></span> <span class='ocrx_word' id='word_1_178' title='bbox 713 3941 779 3992; x_wconf 77' lang='lat' dir='ltr'><strong>Gen.</strong></span> <span class='ocrx_word' id='word_1_179' title='bbox 800 3939 825 3990; x_wconf 91' lang='lat'><strong>11</strong></span> <span class='ocrx_word' id='word_1_180' title='bbox 845 3939 880 3989; x_wconf 90' lang='lat' dir='ltr'><strong>bl.</strong></span> <span class='ocrx_word' id='word_1_181' title='bbox 901 3941 936 3990; x_wconf 86' lang='grc'><strong>23</strong></span> <span class='ocrx_word' id='word_1_182' title='bbox 952 3943 980 3990; x_wconf 83' lang='lat' dir='ltr'><strong>et</strong></span> <span class='ocrx_word' id='word_1_183' title='bbox 999 3937 1061 3990; x_wconf 87' lang='grc'><strong>427.</strong></span> 
     </span>
     <span class='ocr_line' id='line_1_26' title="bbox 136 4029 517 4100; baseline 0.01 -17"><span class='ocrx_word' id='word_1_184' title='bbox 136 4032 195 4100; x_wconf 84' lang='grc'><strong>(23)</strong></span> <span class='ocrx_word' id='word_1_185' title='bbox 212 4036 264 4086; x_wconf 85' lang='lat' dir='ltr'><strong>lloa</strong></span> <span class='ocrx_word' id='word_1_186' title='bbox 281 4035 308 4086; x_wconf 79' lang='lat' dir='ltr'><strong>L.</strong></span> <span class='ocrx_word' id='word_1_187' title='bbox 325 4035 384 4086; x_wconf 78' lang='grc' dir='ltr'><strong>ΧΠ.</strong></span> <span class='ocrx_word' id='word_1_188' title='bbox 402 4036 421 4085; x_wconf 85' lang='lat' dir='ltr'><strong>l.</strong></span> <span class='ocrx_word' id='word_1_189' title='bbox 440 4029 467 4084; x_wconf 90' lang='lat' dir='ltr'><strong>ll</strong></span> <span class='ocrx_word' id='word_1_190' title='bbox 488 4037 517 4087; x_wconf 84' lang='lat' dir='ltr'><strong>ll.</strong></span> 
     </span>
    </p>

    <p class='ocr_par' dir='ltr' id='par_1_11' title="bbox 136 4124 524 4192">
     <span class='ocr_line' id='line_1_27' title="bbox 136 4124 524 4192; baseline 0.01 -18"><span class='ocrx_word' id='word_1_191' title='bbox 136 4124 194 4192; x_wconf 88' lang='grc'><strong>(24)</strong></span> <span class='ocrx_word' id='word_1_192' title='bbox 212 4127 263 4177; x_wconf 82' lang='lat' dir='ltr'><strong>lloa</strong></span> <span class='ocrx_word' id='word_1_193' title='bbox 282 4127 308 4177; x_wconf 81' lang='lat' dir='ltr'><strong>l..</strong></span> <span class='ocrx_word' id='word_1_194' title='bbox 325 4127 383 4178; x_wconf 78' lang='lat' dir='ltr'><strong>Xll.</strong></span> <span class='ocrx_word' id='word_1_195' title='bbox 403 4127 420 4175; x_wconf 87' lang='lat' dir='ltr'><strong>l.</strong></span> <span class='ocrx_word' id='word_1_196' title='bbox 440 4124 474 4174; x_wconf 92' lang='grc'><strong>24</strong></span> <span class='ocrx_word' id='word_1_197' title='bbox 493 4127 524 4178; x_wconf 82' lang='grc' dir='ltr'><strong>Α.</strong></span> 
     </span>
    </p>
   </div>
   <div class='ocr_carea' id='block_1_7' title="bbox 0 0 1385 4818">
    <p class='ocr_par' dir='ltr' id='par_1_12' title="bbox 0 0 1385 4818">
     <span class='ocr_line' id='line_1_28' title="bbox 0 0 1385 4818; baseline 0 0"><span class='ocrx_word' id='word_1_198' title='bbox 0 0 1385 4818; x_wconf 95' lang='lat' dir='ltr'><strong> </strong></span> 
     </span>
    </p>
   </div>
  </div>
 </body>
</html>
