2762 4814
754 412 798 472 70

289 666 360 714 men
381 641 474 710 'civile
498 639 623 728 (neuls
642 661 707 706 coo
718 641 844 731 politio
858 639 938 704 erede
958 646 983 704 ’t
999 637 1281 730 conversemur

257 775 263 792 '
292 795 448 876 spectant,
465 800 545 871 quoe
554 799 648 869 penes
657 775 807 857 Ordines,
824 789 958 844 utantca
965 778 1156 858 manebunt,
1166 793 1228 851 art.
1240 787 1280 852 8.

333 923 429 990 Porro
457 919 579 986 nulium
605 917 758 1009 singulare
785 915 880 984 inibit
906 915 1036 998 foedus,
1066 938 1126 982 nec
1145 931 1277 1008 pactum

290 1078 363 1130 cum
380 1061 484 1161 aliqua
494 1055 658 1126 Provincia
672 1057 721 1122 rel
735 1053 813 1121 urbe
821 1104 832 1136 ,
851 1055 917 1122 sine
932 1077 1079 1122 consensu
1096 1053 1278 1138 Ordinnm;

288 1216 383 1293 atquc
410 1219 483 1266 enm
511 1217 543 1264 sc
571 1193 692 1264 hostem
709 1195 838 1262 Joannis
851 1196 919 1286 jam
936 1192 1140 1298 declarasset,
1160 1194 1277 1262 itidem

288 1343 369 1409 banc
401 1336 622 1430 professionem
654 1329 859 1424 amplificabit
887 1344 922 1400 ut
948 1328 1051 1400 hostes
1080 1331 1277 1424 reipublicae
1370 1377 1371 1384 κ

290 1504 359 1548 snos
380 1477 495 1556 faciat,
514 1487 574 1543 art.
594 1475 614 1540 9
627 1519 638 1552 ,
659 1475 714 1540 18.
757 1525 760 1534 .

336 1613 427 1700 Quod
452 1612 479 1678 si
497 1611 588 1678 finito
607 1610 691 1678 bello
710 1609 806 1677 alium
824 1608 937 1676 vellent
953 1607 1068 1700 eligere
1092 1606 1276 1689 dominnm,

285 1749 422 1820 Ordines
440 1749 529 1816 illum
545 1769 622 1838 prae
638 1749 766 1838 reliquis
783 1747 947 1814 assumturi
962 1759 1048 1828 sunt,
1068 1761 1129 1818 art.
1143 1753 1185 1816 10
1193 1797 1205 1828 ,
1219 1751 1274 1820 11.

330 1889 377 1959 11.
402 1887 453 1955 rb
472 1887 567 1954 altera
583 1898 673 1976 parte
693 1883 828 1953 Ordines
846 1886 876 1952 ei
894 1885 1105 1976 promittunt,
1125 1887 1159 1952 in
1180 1909 1273 1954 secu-

289 2031 415 2096 ritatem
439 2027 535 2118 ipsius
564 2038 623 2093 tres
642 2024 734 2092 nrbes
752 2023 888 2090 munitas
906 2022 1030 2090 tradere
1049 2023 1090 2090 ab
1107 2024 1160 2091 illo
1180 2047 1275 2091 occn-

289 2166 407 2258 pandas
424 2164 524 2234 donec
539 2163 672 2233 Ordines
685 2161 822 2253 expensis
833 2161 1036 2229 satisfecerint
1048 2211 1058 2242 ‚
1070 2163 1128 2240 12,
1140 2166 1200 2242 13,
1215 2167 1273 2232 17.

338 2301 440 2370 Urbes
467 2313 551 2366 trans
570 2301 687 2367 Mosam
707 2300 851 2400 sitae,ri
869 2321 1027 2367 armorum
1045 2311 1172 2393 captae,
1191 2299 1273 2366 Iinci

293 2441 422 2530 ejusque
448 2434 707 2504 descendentibus
733 2436 933 2519 masculinis,
952 2437 1142 2508 deferentur.
1189 2439 1273 2524 Quae
1369 2457 1370 2460 ’

291 2577 493 2646 consentione
511 2598 543 2644 se
564 2573 701 2657 dedunt,
718 2598 775 2667 pro
794 2574 925 2642 dimidia
943 2589 1031 2668 parte
1050 2577 1080 2644 ei
1101 2575 1270 2646 tradentur.
1368 2529 1370 2628 i

336 2717 420 2784 Loca
444 2736 535 2796 sero,
555 2735 635 2804 quac
655 2712 792 2780 hostium
811 2714 985 2806 irruptione
999 2713 1039 2781 ab
1057 2716 1174 2792 unione
1193 2716 1272 2784 Gan·
1369 2759 1370 2762 =

269 2847 416 2922 'darcnsi
440 2853 543 2920 avulsa
569 2863 675 2933 erant,
694 2850 748 2919 sed
767 2851 881 2919 deinde
898 2853 931 2920 ri
947 2874 1104 2922 armornm
1121 2855 1271 2936 liberata,

291 2993 395 3062 statim
413 2991 527 3060 iterum
546 2990 679 3076 foederis
697 2990 832 3059 efficient
850 3004 970 3082 partes,
991 2995 1125 3074 art.14,
1148 2997 1207 3075 15,
1219 2997 1269 3065 16.
1364 3029 1366 3036 ’

285 3157 289 3164 ’
334 3129 476 3196 Tandem
494 3128 631 3219 obligant
649 3151 681 3196 sc
701 3127 833 3196 Ordines
851 3129 877 3197 si
899 3130 932 3195 in
950 3145 1108 3222 posterum
1127 3131 1210 3199 bello
1226 3133 1270 3199 af·

291 3266 390 3332 fectus
413 3277 491 3332 esset
518 3265 588 3332 Dux
617 3266 822 3356 Alenconius,
852 3291 923 3336 eum
950 3282 1016 3336 tum
1036 3269 1148 3337 iisdem
1165 3269 1267 3338 condi-

288 3393 425 3468 tionibus
444 3399 609 3491 opitulari,
629 3417 776 3495 excepto,
798 3406 824 3472 si
841 3405 959 3473 bellum
976 3409 1102 3498 gesserit
1116 3431 1186 3476 cunr
1199 3407 1266 3475 Inr-

287 3539 376 3631 perio
395 3541 569 3620 Germano,
591 3539 702 3633 Angiia
719 3543 867 3627 sociisve,
891 3559 950 3615 art.
967 3551 1023 3618 22.

334 3679 474 3771 Utraque
492 3701 563 3770 pars
582 3679 829 3750 contrahentium
849 3707 885 3750 er
900 3682 961 3753 hoc
979 3698 1071 3776 paeto
1086 3685 1208 3778 exiguos
1221 3709 1267 3753 ce·

287 3819 334 3907 pit
362 3819 481 3887 fmctns
508 3820 622 3908 etjam
640 3816 691 3885 die
710 3825 731 3888 8
749 3821 830 3891 Nor.
853 3824 939 3891 1578
955 3821 1031 3911 (24)
1046 3824 1116 3892 Dur
1135 3823 1260 3892 d’dlen·

316 4127 373 4194 tat)
391 4144 415 4181 r.
432 4131 567 4192 larinas,
589 4133 615 4182 1.
636 4133 697 4183 v111
718 4135 737 4187 1.
755 4133 849 4185 15711.
