2754 4818
583 449 625 510 25

123 691 247 759 tutum,
271 699 329 746 nec
347 699 410 745 non
427 673 468 741 ad
487 673 699 743 obedientiam
715 676 792 767 uagi
811 674 967 758 debitam,
990 699 1096 768 praes·

120 814 261 884 undam.

171 953 310 1038 Quinam
339 971 410 1019 uero
436 949 517 1017 iamai
544 961 577 1016 et
605 948 756 1041 dignitate
781 948 865 1042 apud
883 951 999 1042 Regem
1017 963 1095 1018 esset

116 1090 241 1180 justitia
268 1111 375 1156 causae
397 1085 570 1168 Ordinem,
592 1108 663 1154 mox
685 1099 961 1178 compertumest3
985 1087 1096 1155 Edicto

123 1225 301 1316 paulopost
317 1225 456 1317 prolato,
476 1249 539 1317 quc
554 1225 619 1292 Rex
634 1224 800 1292 concilium
812 1222 984 1307 Ordinnm,
1003 1247 1096 1315 quam

119 1363 257 1454 primum
298 1363 421 1430 dissolvi
451 1364 560 1453 jussit,
602 1385 771 1452 eorumque
799 1360 922 1440 decreta
950 1361 1096 1454 deinceps

116 1503 234 1570 sancita
262 1503 346 1570 nulla
372 1494 502 1580 dicens,
526 1501 623 1568 vetnit
646 1501 685 1568 iis
703 1500 819 1568 tributa
839 1501 935 1582 solvi,
959 1515 1012 1568 ant
1032 1501 1094 1567 ullo

117 1638 214 1707 modo
237 1637 370 1708 obediri.

169 1778 289 1845 Ultima
297 1777 385 1858 sice,
402 1773 662 1844 intercedentibus
671 1775 860 1867 Imperatore
870 1777 1053 1844 Germaniae
1062 1788 1094 1843 et

120 1913 241 2006 Regina
274 1913 406 2004 Angliac
430 1914 599 1980 tentamina
634 1913 715 1980 facta
739 1927 809 1981 sunt
833 1913 873 1978 ad
902 1913 1095 1980 conciliatio·

117 2055 214 2133 nem,
239 2051 264 2118 si
289 2050 357 2118 fient
385 2064 509 2144 posset,
542 2049 758 2133 efficiendam
792 2048 1092 2139 horumlegatis13

117 2187 273 2258 Articulos
300 2188 467 2256 ultimarun
495 2187 708 2256 conditionum
735 2211 753 2254 a
776 2202 865 2280 parte
883 2186 1035 2255 Ordinum
1052 2187 1091 2254 ad

118 2325 160 2394 It.
187 2326 340 2393 Joannem
370 2324 601 2409 deserentibus3
634 2327 703 2415 (21)
727 2327 760 2392 in
780 2326 913 2417 quibus,
937 2326 984 2393 uti
1001 2339 1092 2394 antea

115 2477 321 2554 poposcerunt
363 2465 566 2532 exclusionem
609 2464 780 2546 Austriaci,
824 2465 1089 2544 confirmationem

118 2595 151 2666 in
187 2604 253 2690 ejus
278 2602 381 2668 locum
410 2601 596 2670 Archiducis
622 2603 771 2670 Matthiae
803 2614 896 2692 atque
922 2624 985 2682 ea,·
1009 2603 1090 2668 salci

117 2737 300 2804 auctoritate
342 2736 511 2805 Ordinibus
545 2740 578 2804 in
605 2762 681 2828 pace
709 2738 907 2818 Gandavense
936 2761 1088 2807 concessa.

117 2871 261 2962 Denique
288 2873 320 2937 in
348 2875 418 2942 Art.
450 2879 490 2940 12
518 2887 703 2962 exegerunt,
727 2886 761 2940 ut
780 2873 942 2940 deficiente
963 2875 1091 2944 Guber-

116 3024 225 3078 natorc
235 3059 246 3092 ,
276 3011 340 3076 Rex
358 3011 454 3076 alium
473 3010 659 3098 substituere
677 3033 740 3078 non
757 3024 881 3104 possen
906 3011 1020 3080 nisiex
1038 3033 1091 3078 vo-

83 3221 87 3230 ,
115 3150 235 3217 luntate
257 3161 290 3216 et
311 3148 564 3240 comprobatione
587 3146 750 3218 Ordinem.
777 3149 859 3239 (22).

162 3286 268 3376 Atque
283 3286 378 3354 etiam
397 3309 480 3352 nunc
498 3286 676 3353 Austriacns
693 3285 783 3353 avide
800 3287 989 3354 occasionem
1007 3289 1089 3356 arri·

116 3424 186 3514 puit
204 3422 397 3490 induciarum
416 3423 638 3515 rogandarum,
660 3425 827 3516 perhibens
841 3448 874 3493 se
888 3450 906 3491 a
921 3427 1005 3516 Rege
1017 3427 1088 3492 His-

116 3561 226 3652 panias
234 3560 378 3629 mandata
388 3563 716 3654 accepisse,inquibus
725 3565 890 3632 arbitrium
899 3585 1002 3629 rernm
1012 3561 1089 3627 diri·

118 3698 298 3767 mendarum
313 3699 498 3790 Imperatori
509 3697 691 3770 deferretur.
739 3704 782 3769 At
792 3698 926 3768 Ordines
937 3719 1027 3789 saepe
1037 3720 1089 3763 ex·

120 3919 470 3932 ”n—-v--nun———n—n——n

146 4052 203 4118 (21)
222 4055 289 4113 Βοι,
311 4055 358 4104 ΧΠ
378 4054 447 4106 Mb
465 4057 494 4106 tt.

146 4144 203 4210 (22)
223 4143 282 4196 Bon
301 4150 354 4194 met
373 4147 459 4207 acilio,
480 4146 544 4195 code
564 4143 721 4209 coetoiadco
738 4143 786 4193 des
804 4142 907 4194 Stoico.
944 4141 1051 4192 ibidem.
1078 4181 1082 4188 .
