<?xml version="1.0" encoding="UTF-8"?>
<!DOCTYPE html PUBLIC "-//W3C//DTD XHTML 1.0 Transitional//EN"
    "http://www.w3.org/TR/xhtml1/DTD/xhtml1-transitional.dtd">
<html xmlns="http://www.w3.org/1999/xhtml" xml:lang="en" lang="en">
 <head>
  <title>
</title>
<meta http-equiv="Content-Type" content="text/html;charset=utf-8" />
  <meta name='ocr-system' content='tesseract 3.04.00' />
  <meta name='ocr-capabilities' content='ocr_page ocr_carea ocr_par ocr_line ocrx_word'/>
</head>
<body>
  <div class='ocr_page' id='page_1' title='image "./disputatiohisto00unkngoog_0113.png"; bbox 0 0 2762 4814; ppageno 0'>
   <div class='ocr_carea' id='block_1_1' title="bbox 610 462 651 523">
    <p class='ocr_par' dir='ltr' id='par_1_1' title="bbox 610 462 651 523">
     <span class='ocr_line' id='line_1_1' title="bbox 610 462 651 523; baseline 0.024 -1"><span class='ocrx_word' id='word_1_1' title='bbox 610 462 651 523; x_wconf 87' lang='grc'><strong>99</strong></span> 
     </span>
    </p>
   </div>
   <div class='ocr_carea' id='block_1_2' title="bbox 124 685 1135 1190">
    <p class='ocr_par' dir='ltr' id='par_1_2' title="bbox 124 683 1135 1190">
     <span class='ocr_line' id='line_1_2' title="bbox 128 685 1135 779; baseline -0.001 -25"><span class='ocrx_word' id='word_1_2' title='bbox 128 709 175 754; x_wconf 88' lang='lat' dir='ltr'><strong>sas</strong></span> <span class='ocrx_word' id='word_1_3' title='bbox 188 686 330 756; x_wconf 86' lang='lat' dir='ltr'><strong>ferendas</strong></span> <span class='ocrx_word' id='word_1_4' title='bbox 348 686 546 768; x_wconf 88' lang='lat' dir='ltr'><strong>contulisset,</strong></span> <span class='ocrx_word' id='word_1_5' title='bbox 570 692 658 776; x_wconf 84' lang='lat' dir='ltr'><strong>cujus</strong></span> <span class='ocrx_word' id='word_1_6' title='bbox 676 685 888 755; x_wconf 79' lang='lat' dir='ltr'><strong>declarationis</strong></span> <span class='ocrx_word' id='word_1_7' title='bbox 906 689 1103 779; x_wconf 84' lang='lat' dir='ltr'><strong>exemplum,</strong></span> <span class='ocrx_word' id='word_1_8' title='bbox 1132 709 1135 714; x_wconf 90' lang='lat'>·</span> 
     </span>
     <span class='ocr_line' id='line_1_3' title="bbox 124 821 1103 915; baseline 0.003 -23"><span class='ocrx_word' id='word_1_9' title='bbox 124 823 213 915; x_wconf 90' lang='lat' dir='ltr'><strong>quod</strong></span> <span class='ocrx_word' id='word_1_10' title='bbox 230 824 340 892; x_wconf 79' lang='lat' dir='ltr'><strong>attinet</strong></span> <span class='ocrx_word' id='word_1_11' title='bbox 357 824 397 890; x_wconf 91' lang='lat' dir='ltr'><strong>ad</strong></span> <span class='ocrx_word' id='word_1_12' title='bbox 416 821 554 894; x_wconf 86' lang='lat' dir='ltr'><strong>Ordines¹</strong></span> <span class='ocrx_word' id='word_1_13' title='bbox 568 825 701 915; x_wconf 80' lang='lat' dir='ltr'><strong>Trajecti</strong></span> <span class='ocrx_word' id='word_1_14' title='bbox 718 824 758 890; x_wconf 90' lang='lat' dir='ltr'><strong>ad</strong></span> <span class='ocrx_word' id='word_1_15' title='bbox 776 823 920 891; x_wconf 87' lang='lat' dir='ltr'><strong>Rhenum</strong></span> <span class='ocrx_word' id='word_1_16' title='bbox 929 839 1010 892; x_wconf 80' lang='lat' dir='ltr'><strong>estat</strong></span> <span class='ocrx_word' id='word_1_17' title='bbox 1020 825 1103 914; x_wconf 87' lang='lat'><strong>(95).</strong></span> 
     </span>
     <span class='ocr_line' id='line_1_4' title="bbox 129 960 1106 1053; baseline 0.002 -23"><span class='ocrx_word' id='word_1_18' title='bbox 129 963 264 1030; x_wconf 83' lang='lat' dir='ltr'><strong>Decreta</strong></span> <span class='ocrx_word' id='word_1_19' title='bbox 284 960 316 1030; x_wconf 90' lang='lat' dir='ltr'><strong>d.</strong></span> <span class='ocrx_word' id='word_1_20' title='bbox 335 967 377 1030; x_wconf 89' lang='grc'><strong>27</strong></span> <span class='ocrx_word' id='word_1_21' title='bbox 389 961 483 1032; x_wconf 80' lang='lat' dir='ltr'><strong>Febr.</strong></span> <span class='ocrx_word' id='word_1_22' title='bbox 495 974 688 1053; x_wconf 84' lang='lat' dir='ltr'><strong>quaestorem</strong></span> <span class='ocrx_word' id='word_1_23' title='bbox 700 963 814 1052; x_wconf 88' lang='lat' dir='ltr'><strong>jubent</strong></span> <span class='ocrx_word' id='word_1_24' title='bbox 832 966 955 1042; x_wconf 80' lang='lat'><strong>80,000</strong></span> <span class='ocrx_word' id='word_1_25' title='bbox 964 964 1002 1031; x_wconf 88' lang='lat' dir='ltr'><strong>L.</strong></span> <span class='ocrx_word' id='word_1_26' title='bbox 1014 962 1106 1034; x_wconf 78' lang='lat' dir='ltr'><strong>noh.</strong></span> 
     </span>
     <span class='ocr_line' id='line_1_5' title="bbox 127 1097 1107 1190; baseline 0.001 -25"><span class='ocrx_word' id='word_1_27' title='bbox 127 1099 282 1180; x_wconf 82' lang='lat' dir='ltr'><strong>mutuari,</strong></span> <span class='ocrx_word' id='word_1_28' title='bbox 306 1099 358 1166; x_wconf 92' lang='lat' dir='ltr'><strong>cui</strong></span> <span class='ocrx_word' id='word_1_29' title='bbox 376 1098 501 1166; x_wconf 88' lang='lat' dir='ltr'><strong>decreto</strong></span> <span class='ocrx_word' id='word_1_30' title='bbox 520 1121 660 1190; x_wconf 78' lang='lat' dir='ltr'><strong>expresse</strong></span> <span class='ocrx_word' id='word_1_31' title='bbox 678 1097 820 1166; x_wconf 91' lang='lat' dir='ltr'><strong>additum</strong></span> <span class='ocrx_word' id='word_1_32' title='bbox 839 1113 884 1167; x_wconf 90' lang='lat' dir='ltr'><strong>est</strong></span> <span class='ocrx_word' id='word_1_33' title='bbox 911 1100 1107 1180; x_wconf 86' lang='lat' dir='ltr'><strong>Provincias,</strong></span> 
     </span>
    </p>
   </div>
   <div class='ocr_carea' id='block_1_3' title="bbox 125 1234 1104 1319">
    <p class='ocr_par' dir='ltr' id='par_1_3' title="bbox 125 1234 1104 1319">
     <span class='ocr_line' id='line_1_6' title="bbox 125 1234 1104 1319; baseline 0 -16"><span class='ocrx_word' id='word_1_34' title='bbox 125 1236 268 1315; x_wconf 86' lang='lat' dir='ltr'><strong>Liloarn,</strong></span> <span class='ocrx_word' id='word_1_35' title='bbox 292 1235 433 1304; x_wconf 84' lang='lat' dir='ltr'><strong>lluacum</strong></span> <span class='ocrx_word' id='word_1_36' title='bbox 444 1288 455 1319; x_wconf 92' lang='lat'>,</span> <span class='ocrx_word' id='word_1_37' title='bbox 488 1234 660 1319; x_wconf 73' lang='lat' dir='ltr'><strong>Orthosia,</strong></span> <span class='ocrx_word' id='word_1_38' title='bbox 685 1236 838 1304; x_wconf 78' lang='lat' dir='ltr'><strong>Artesiam</strong></span> <span class='ocrx_word' id='word_1_39' title='bbox 867 1250 899 1304; x_wconf 90' lang='lat' dir='ltr'><strong>et</strong></span> <span class='ocrx_word' id='word_1_40' title='bbox 931 1237 1104 1305; x_wconf 84' lang='lat' dir='ltr'><strong>Tornacum</strong></span> 
     </span>
    </p>
   </div>
   <div class='ocr_carea' id='block_1_4' title="bbox 126 1371 880 1465">
    <p class='ocr_par' dir='ltr' id='par_1_4' title="bbox 126 1371 880 1465">
     <span class='ocr_line' id='line_1_7' title="bbox 126 1371 880 1465; baseline 0.001 -27"><span class='ocrx_word' id='word_1_41' title='bbox 126 1371 289 1440; x_wconf 87' lang='lat' dir='ltr'><strong>literarum</strong></span> <span class='ocrx_word' id='word_1_42' title='bbox 309 1373 529 1464; x_wconf 76' lang='lat' dir='ltr'><strong>obligationem</strong></span> <span class='ocrx_word' id='word_1_43' title='bbox 547 1375 642 1442; x_wconf 84' lang='lat' dir='ltr'><strong>etiam</strong></span> <span class='ocrx_word' id='word_1_44' title='bbox 660 1374 860 1465; x_wconf 78' lang='lat' dir='ltr'><strong>subsignasse.</strong></span> <span class='ocrx_word' id='word_1_45' title='bbox 878 1416 880 1420; x_wconf 94' lang='lat'>-</span> 
     </span>
    </p>
   </div>
   <div class='ocr_carea' id='block_1_5' title="bbox 65 1509 1109 3249">
    <p class='ocr_par' dir='ltr' id='par_1_5' title="bbox 65 1509 1109 2700">
     <span class='ocr_line' id='line_1_8' title="bbox 65 1509 1106 1602; baseline 0 -24"><span class='ocrx_word' id='word_1_46' title='bbox 65 1590 67 1594; x_wconf 11' lang='grc' dir='ltr'><em>Α</em></span> <span class='ocrx_word' id='word_1_47' title='bbox 178 1509 391 1579; x_wconf 81' lang='lat' dir='ltr'><strong>Nihilominus</strong></span> <span class='ocrx_word' id='word_1_48' title='bbox 412 1513 445 1577; x_wconf 91' lang='lat' dir='ltr'><strong>in</strong></span> <span class='ocrx_word' id='word_1_49' title='bbox 466 1509 551 1577; x_wconf 89' lang='lat' dir='ltr'><strong>diem</strong></span> <span class='ocrx_word' id='word_1_50' title='bbox 572 1511 702 1578; x_wconf 74' lang='lat' dir='ltr'><strong>increvit</strong></span> <span class='ocrx_word' id='word_1_51' title='bbox 719 1511 870 1601; x_wconf 87' lang='lat' dir='ltr'><strong>pecuniae</strong></span> <span class='ocrx_word' id='word_1_52' title='bbox 888 1511 1014 1602; x_wconf 87' lang='lat' dir='ltr'><strong>inopia,</strong></span> <span class='ocrx_word' id='word_1_53' title='bbox 1034 1527 1106 1578; x_wconf 86' lang='lat' dir='ltr'><strong>cum</strong></span> 
     </span>
     <span class='ocr_line' id='line_1_9' title="bbox 129 1647 1109 1740; baseline 0 -26"><span class='ocrx_word' id='word_1_54' title='bbox 129 1647 311 1715; x_wconf 82' lang='lat' dir='ltr'><strong>Provinciae</strong></span> <span class='ocrx_word' id='word_1_55' title='bbox 328 1670 447 1716; x_wconf 89' lang='lat' dir='ltr'><strong>moram</strong></span> <span class='ocrx_word' id='word_1_56' title='bbox 468 1649 622 1730; x_wconf 81' lang='lat' dir='ltr'><strong>iacerent,</strong></span> <span class='ocrx_word' id='word_1_57' title='bbox 647 1648 678 1713; x_wconf 91' lang='lat' dir='ltr'><strong>in</strong></span> <span class='ocrx_word' id='word_1_58' title='bbox 699 1648 880 1739; x_wconf 88' lang='lat' dir='ltr'><strong>praestanda</strong></span> <span class='ocrx_word' id='word_1_59' title='bbox 893 1649 1109 1740; x_wconf 79' lang='lat' dir='ltr'><strong>pecnnideon·</strong></span> 
     </span>
     <span class='ocr_line' id='line_1_10' title="bbox 124 1784 1107 1878; baseline 0 -26"><span class='ocrx_word' id='word_1_60' title='bbox 124 1807 230 1867; x_wconf 86' lang='lat' dir='ltr'><strong>cessa,</strong></span> <span class='ocrx_word' id='word_1_61' title='bbox 255 1799 287 1854; x_wconf 89' lang='lat' dir='ltr'><strong>et</strong></span> <span class='ocrx_word' id='word_1_62' title='bbox 303 1788 344 1852; x_wconf 92' lang='lat' dir='ltr'><strong>ab</strong></span> <span class='ocrx_word' id='word_1_63' title='bbox 363 1788 456 1854; x_wconf 83' lang='lat' dir='ltr'><strong>altera</strong></span> <span class='ocrx_word' id='word_1_64' title='bbox 483 1799 571 1878; x_wconf 89' lang='lat' dir='ltr'><strong>parte</strong></span> <span class='ocrx_word' id='word_1_65' title='bbox 597 1785 729 1854; x_wconf 86' lang='lat' dir='ltr'><strong>Ordines</strong></span> <span class='ocrx_word' id='word_1_66' title='bbox 759 1784 932 1854; x_wconf 79' lang='lat' dir='ltr'><strong>satisfacere</strong></span> <span class='ocrx_word' id='word_1_67' title='bbox 957 1785 1107 1852; x_wconf 87' lang='lat' dir='ltr'><strong>deberent</strong></span> 
     </span>
     <span class='ocr_line' id='line_1_11' title="bbox 129 1922 1109 2013; baseline -0.001 -23"><span class='ocrx_word' id='word_1_68' title='bbox 129 1922 371 2013; x_wconf 79' lang='lat' dir='ltr'><strong>obligationibus</strong></span> <span class='ocrx_word' id='word_1_69' title='bbox 389 1924 490 1994; x_wconf 73' lang='lat' dir='ltr'><strong>initiat</strong></span> <span class='ocrx_word' id='word_1_70' title='bbox 519 1924 563 1992; x_wconf 86' lang='lat' dir='ltr'><strong>sie</strong></span> <span class='ocrx_word' id='word_1_71' title='bbox 583 1925 679 1991; x_wconf 82' lang='lat' dir='ltr'><strong>etiam</strong></span> <span class='ocrx_word' id='word_1_72' title='bbox 699 1923 843 1994; x_wconf 77' lang='lat' dir='ltr'><strong>solvenda</strong></span> <span class='ocrx_word' id='word_1_73' title='bbox 859 1936 946 1990; x_wconf 84' lang='lat' dir='ltr'><strong>erant</strong></span> <span class='ocrx_word' id='word_1_74' title='bbox 963 1927 1109 2002; x_wconf 83' lang='lat'>300,000</span> 
     </span>
     <span class='ocr_line' id='line_1_12' title="bbox 132 2057 1107 2150; baseline -0.004 -20"><span class='ocrx_word' id='word_1_75' title='bbox 132 2061 340 2143; x_wconf 83' lang='lat' dir='ltr'><strong>florenorum,</strong></span> <span class='ocrx_word' id='word_1_76' title='bbox 371 2061 487 2129; x_wconf 84' lang='lat' dir='ltr'><strong>Joanni</strong></span> <span class='ocrx_word' id='word_1_77' title='bbox 516 2062 678 2129; x_wconf 76' lang='lat' dir='ltr'><strong>lustriaco</strong></span> <span class='ocrx_word' id='word_1_78' title='bbox 704 2062 937 2150; x_wconf 85' lang='lat' dir='ltr'><strong>promissorum.</strong></span> <span class='ocrx_word' id='word_1_79' title='bbox 984 2057 1045 2126; x_wconf 85' lang='lat' dir='ltr'><strong>Die</strong></span> <span class='ocrx_word' id='word_1_80' title='bbox 1063 2063 1107 2126; x_wconf 88' lang='grc'><strong>28</strong></span> 
     </span>
     <span class='ocr_line' id='line_1_13' title="bbox 129 2193 1107 2290; baseline -0.004 -24"><span class='ocrx_word' id='word_1_81' title='bbox 129 2199 224 2268; x_wconf 76' lang='lat' dir='ltr'><strong>Febr.</strong></span> <span class='ocrx_word' id='word_1_82' title='bbox 243 2199 395 2265; x_wconf 89' lang='lat' dir='ltr'><strong>aerarium</strong></span> <span class='ocrx_word' id='word_1_83' title='bbox 409 2201 502 2290; x_wconf 85' lang='lat' dir='ltr'><strong>plane</strong></span> <span class='ocrx_word' id='word_1_84' title='bbox 521 2197 702 2266; x_wconf 82' lang='lat' dir='ltr'><strong>exhaustum</strong></span> <span class='ocrx_word' id='word_1_85' title='bbox 719 2197 812 2264; x_wconf 88' lang='lat' dir='ltr'><strong>fuisse</strong></span> <span class='ocrx_word' id='word_1_86' title='bbox 830 2193 1024 2287; x_wconf 87' lang='lat' dir='ltr'><strong>compertum</strong></span> <span class='ocrx_word' id='word_1_87' title='bbox 1043 2207 1107 2276; x_wconf 89' lang='lat' dir='ltr'><strong>est,</strong></span> 
     </span>
     <span class='ocr_line' id='line_1_14' title="bbox 135 2332 1109 2428; baseline -0.004 -26"><span class='ocrx_word' id='word_1_88' title='bbox 135 2336 259 2427; x_wconf 89' lang='lat' dir='ltr'><strong>quando</strong></span> <span class='ocrx_word' id='word_1_89' title='bbox 273 2359 338 2404; x_wconf 71' lang='lat' dir='ltr'><strong>sese</strong></span> <span class='ocrx_word' id='word_1_90' title='bbox 355 2336 532 2428; x_wconf 76' lang='lat' dir='ltr'><strong>obligarunt</strong></span> <span class='ocrx_word' id='word_1_91' title='bbox 551 2335 684 2404; x_wconf 87' lang='lat' dir='ltr'><strong>Ordines</strong></span> <span class='ocrx_word' id='word_1_92' title='bbox 701 2333 826 2403; x_wconf 89' lang='lat' dir='ltr'><strong>cuidam</strong></span> <span class='ocrx_word' id='word_1_93' title='bbox 842 2334 1030 2415; x_wconf 87' lang='lat' dir='ltr'><strong>mercatori,</strong></span> <span class='ocrx_word' id='word_1_94' title='bbox 1053 2332 1109 2398; x_wconf 91' lang='lat' dir='ltr'><strong>de·</strong></span> 
     </span>
     <span class='ocr_line' id='line_1_15' title="bbox 132 2471 1108 2564; baseline 0 -26"><span class='ocrx_word' id='word_1_95' title='bbox 132 2472 236 2540; x_wconf 92' lang='lat' dir='ltr'><strong>bitum</strong></span> <span class='ocrx_word' id='word_1_96' title='bbox 266 2479 388 2556; x_wconf 89' lang='lat'>10,000</span> <span class='ocrx_word' id='word_1_97' title='bbox 416 2475 488 2544; x_wconf 85' lang='lat' dir='ltr'><strong>ilar.</strong></span> <span class='ocrx_word' id='word_1_98' title='bbox 517 2475 633 2541; x_wconf 85' lang='lat' dir='ltr'><strong>solrere</strong></span> <span class='ocrx_word' id='word_1_99' title='bbox 660 2473 751 2541; x_wconf 89' lang='lat' dir='ltr'><strong>simul</strong></span> <span class='ocrx_word' id='word_1_100' title='bbox 773 2487 867 2564; x_wconf 90' lang='lat' dir='ltr'><strong>atque</strong></span> <span class='ocrx_word' id='word_1_101' title='bbox 885 2495 930 2562; x_wconf 36' lang='lat' dir='ltr'><strong>ex·</strong></span> <span class='ocrx_word' id='word_1_102' title='bbox 939 2471 1108 2539; x_wconf 81' lang='lat' dir='ltr'><strong>Provinciis</strong></span> 
     </span>
     <span class='ocr_line' id='line_1_16' title="bbox 129 2609 593 2700; baseline 0 -24"><span class='ocrx_word' id='word_1_103' title='bbox 129 2609 237 2677; x_wconf 90' lang='lat' dir='ltr'><strong>debita</strong></span> <span class='ocrx_word' id='word_1_104' title='bbox 259 2610 377 2676; x_wconf 84' lang='lat' dir='ltr'><strong>tributa</strong></span> <span class='ocrx_word' id='word_1_105' title='bbox 399 2609 593 2700; x_wconf 86' lang='lat' dir='ltr'><strong>prodiissent.</strong></span> 
     </span>
    </p>

    <p class='ocr_par' dir='ltr' id='par_1_6' title="bbox 131 2743 1108 3249">
     <span class='ocr_line' id='line_1_17' title="bbox 177 2743 1107 2835; baseline -0.004 -22"><span class='ocrx_word' id='word_1_106' title='bbox 177 2745 254 2813; x_wconf 89' lang='lat' dir='ltr'><strong>Ideo</strong></span> <span class='ocrx_word' id='word_1_107' title='bbox 280 2744 313 2815; x_wconf 90' lang='lat' dir='ltr'><strong>d.</strong></span> <span class='ocrx_word' id='word_1_108' title='bbox 346 2751 365 2812; x_wconf 85' lang='lat'><strong>5</strong></span> <span class='ocrx_word' id='word_1_109' title='bbox 395 2745 500 2814; x_wconf 83' lang='lat' dir='ltr'><strong>Martii</strong></span> <span class='ocrx_word' id='word_1_110' title='bbox 526 2745 560 2811; x_wconf 93' lang='lat' dir='ltr'><strong>in</strong></span> <span class='ocrx_word' id='word_1_111' title='bbox 589 2744 756 2813; x_wconf 85' lang='lat' dir='ltr'><strong>Germania</strong></span> <span class='ocrx_word' id='word_1_112' title='bbox 782 2743 946 2835; x_wconf 85' lang='lat' dir='ltr'><strong>pecuniam</strong></span> <span class='ocrx_word' id='word_1_113' title='bbox 964 2743 1107 2834; x_wconf 90' lang='lat' dir='ltr'><strong>conquiri</strong></span> 
     </span>
     <span class='ocr_line' id='line_1_18' title="bbox 132 2879 1108 2975; baseline -0.002 -25"><span class='ocrx_word' id='word_1_114' title='bbox 132 2905 318 2975; x_wconf 84' lang='lat' dir='ltr'><strong>quacunque</strong></span> <span class='ocrx_word' id='word_1_115' title='bbox 338 2879 515 2950; x_wconf 87' lang='lat' dir='ltr'><strong>conditione</strong></span> <span class='ocrx_word' id='word_1_116' title='bbox 528 2885 703 2974; x_wconf 80' lang='lat' dir='ltr'><strong>jusserunt3</strong></span> <span class='ocrx_word' id='word_1_117' title='bbox 729 2880 839 2949; x_wconf 91' lang='lat' dir='ltr'><strong>eodem</strong></span> <span class='ocrx_word' id='word_1_118' title='bbox 858 2881 1108 2948; x_wconf 65' lang='lat' dir='ltr'><strong>disseminant</strong></span> 
     </span>
     <span class='ocr_line' id='line_1_19' title="bbox 134 3019 1106 3110; baseline -0.002 -24"><span class='ocrx_word' id='word_1_119' title='bbox 134 3043 153 3086; x_wconf 85' lang='lat' dir='ltr'><strong>a</strong></span> <span class='ocrx_word' id='word_1_120' title='bbox 172 3019 299 3088; x_wconf 91' lang='lat' dir='ltr'><strong>custode</strong></span> <span class='ocrx_word' id='word_1_121' title='bbox 325 3021 430 3086; x_wconf 85' lang='lat' dir='ltr'><strong>curiae</strong></span> <span class='ocrx_word' id='word_1_122' title='bbox 449 3021 535 3088; x_wconf 90' lang='lat' dir='ltr'><strong>mille</strong></span> <span class='ocrx_word' id='word_1_123' title='bbox 546 3020 672 3087; x_wconf 87' lang='lat' dir='ltr'><strong>ducenti</strong></span> <span class='ocrx_word' id='word_1_124' title='bbox 683 3020 816 3088; x_wconf 83' lang='lat' dir='ltr'><strong>florenos</strong></span> <span class='ocrx_word' id='word_1_125' title='bbox 825 3032 970 3086; x_wconf 89' lang='lat' dir='ltr'><strong>mutuum</strong></span> <span class='ocrx_word' id='word_1_126' title='bbox 978 3031 1106 3110; x_wconf 86' lang='lat' dir='ltr'><strong>petere,</strong></span> 
     </span>
     <span class='ocr_line' id='line_1_20' title="bbox 131 3157 798 3249; baseline 0.003 -25"><span class='ocrx_word' id='word_1_127' title='bbox 131 3169 166 3224; x_wconf 90' lang='lat' dir='ltr'><strong>ut</strong></span> <span class='ocrx_word' id='word_1_128' title='bbox 184 3158 286 3225; x_wconf 89' lang='lat' dir='ltr'><strong>nautis</strong></span> <span class='ocrx_word' id='word_1_129' title='bbox 303 3158 456 3249; x_wconf 90' lang='lat' dir='ltr'><strong>stipendia</strong></span> <span class='ocrx_word' id='word_1_130' title='bbox 472 3157 579 3225; x_wconf 89' lang='lat' dir='ltr'><strong>debita</strong></span> <span class='ocrx_word' id='word_1_131' title='bbox 599 3158 798 3227; x_wconf 75' lang='lat' dir='ltr'><strong>solverentur.</strong></span> 
     </span>
    </p>
   </div>
   <div class='ocr_carea' id='block_1_6' title="bbox 177 3293 1109 3387">
    <p class='ocr_par' dir='ltr' id='par_1_7' title="bbox 177 3293 1109 3387">
     <span class='ocr_line' id='line_1_21' title="bbox 177 3293 1109 3387; baseline -0.002 -25"><span class='ocrx_word' id='word_1_132' title='bbox 177 3295 284 3362; x_wconf 86' lang='lat' dir='ltr'><strong>llense</strong></span> <span class='ocrx_word' id='word_1_133' title='bbox 314 3297 417 3387; x_wconf 73' lang='lat' dir='ltr'><strong>Aprili</strong></span> <span class='ocrx_word' id='word_1_134' title='bbox 443 3295 581 3363; x_wconf 89' lang='lat' dir='ltr'><strong>conditio</strong></span> <span class='ocrx_word' id='word_1_135' title='bbox 600 3295 709 3361; x_wconf 87' lang='lat' dir='ltr'><strong>aerarii</strong></span> <span class='ocrx_word' id='word_1_136' title='bbox 727 3293 865 3361; x_wconf 88' lang='lat' dir='ltr'><strong>nondum</strong></span> <span class='ocrx_word' id='word_1_137' title='bbox 884 3315 1030 3386; x_wconf 88' lang='lat' dir='ltr'><strong>prospera</strong></span> <span class='ocrx_word' id='word_1_138' title='bbox 1048 3293 1109 3360; x_wconf 83' lang='lat' dir='ltr'><strong>luit</strong></span> 
     </span>
    </p>
   </div>
   <div class='ocr_carea' id='block_1_7' title="bbox 1 3431 1106 3524">
    <p class='ocr_par' dir='ltr' id='par_1_8' title="bbox 1 3431 1106 3524">
     <span class='ocr_line' id='line_1_22' title="bbox 1 3431 1106 3524; baseline -0.003 -25"><span class='ocrx_word' id='word_1_139' title='bbox 1 3470 2 3474; x_wconf 61' lang='lat'><em>=</em></span> <span class='ocrx_word' id='word_1_140' title='bbox 130 3455 223 3514; x_wconf 80' lang='lat' dir='ltr'><strong>nant,</strong></span> <span class='ocrx_word' id='word_1_141' title='bbox 263 3456 360 3523; x_wconf 86' lang='lat' dir='ltr'><strong>quum</strong></span> <span class='ocrx_word' id='word_1_142' title='bbox 399 3431 530 3500; x_wconf 88' lang='lat' dir='ltr'><strong>Ordines</strong></span> <span class='ocrx_word' id='word_1_143' title='bbox 572 3431 734 3500; x_wconf 88' lang='lat' dir='ltr'><strong>dominum</strong></span> <span class='ocrx_word' id='word_1_144' title='bbox 762 3432 801 3499; x_wconf 91' lang='lat' dir='ltr'><strong>de</strong></span> <span class='ocrx_word' id='word_1_145' title='bbox 841 3433 1042 3524; x_wconf 69' lang='lat' dir='ltr'><strong>Zwereghem</strong></span> <span class='ocrx_word' id='word_1_146' title='bbox 1073 3433 1106 3498; x_wconf 94' lang='lat' dir='ltr'><strong>in</strong></span> 
     </span>
    </p>
   </div>
   <div class='ocr_carea' id='block_1_8' title="bbox 136 3563 1105 3656">
    <p class='ocr_par' dir='ltr' id='par_1_9' title="bbox 136 3563 1105 3656">
     <span class='ocr_line' id='line_1_23' title="bbox 136 3563 1105 3656; baseline -0.001 -23"><span class='ocrx_word' id='word_1_147' title='bbox 136 3566 281 3656; x_wconf 77' lang='lat' dir='ltr'><strong>Angliam</strong></span> <span class='ocrx_word' id='word_1_148' title='bbox 313 3567 436 3634; x_wconf 87' lang='lat' dir='ltr'><strong>mittere</strong></span> <span class='ocrx_word' id='word_1_149' title='bbox 475 3566 703 3648; x_wconf 79' lang='lat' dir='ltr'><strong>decrevissent,</strong></span> <span class='ocrx_word' id='word_1_150' title='bbox 733 3580 768 3634; x_wconf 89' lang='lat' dir='ltr'><strong>ut</strong></span> <span class='ocrx_word' id='word_1_151' title='bbox 788 3567 866 3633; x_wconf 91' lang='lat' dir='ltr'><strong>sicut</strong></span> <span class='ocrx_word' id='word_1_152' title='bbox 899 3587 1004 3632; x_wconf 88' lang='lat' dir='ltr'><strong>mense</strong></span> <span class='ocrx_word' id='word_1_153' title='bbox 1033 3563 1105 3632; x_wconf 88' lang='lat' dir='ltr'><strong>Oet.</strong></span> 
     </span>
    </p>
   </div>
   <div class='ocr_carea' id='block_1_9' title="bbox 135 3701 1107 3795">
    <p class='ocr_par' dir='ltr' id='par_1_10' title="bbox 135 3701 1107 3795">
     <span class='ocr_line' id='line_1_24' title="bbox 135 3701 1107 3795; baseline -0.002 -26"><span class='ocrx_word' id='word_1_154' title='bbox 135 3707 220 3771; x_wconf 79' lang='lat'>1576</span> <span class='ocrx_word' id='word_1_155' title='bbox 248 3704 362 3771; x_wconf 83' lang='lat' dir='ltr'><strong>iecerat</strong></span> <span class='ocrx_word' id='word_1_156' title='bbox 384 3703 535 3795; x_wconf 87' lang='lat' dir='ltr'><strong>pecuniae</strong></span> <span class='ocrx_word' id='word_1_157' title='bbox 555 3705 678 3794; x_wconf 88' lang='lat' dir='ltr'><strong>copiam</strong></span> <span class='ocrx_word' id='word_1_158' title='bbox 697 3701 932 3768; x_wconf 87' lang='lat' dir='ltr'><strong>memorabilem</strong></span> <span class='ocrx_word' id='word_1_159' title='bbox 952 3701 1107 3792; x_wconf 90' lang='lat' dir='ltr'><strong>impetra-</strong></span> 
     </span>
    </p>
   </div>
   <div class='ocr_carea' id='block_1_10' title="bbox 148 3971 481 3980">
    <p class='ocr_par' dir='ltr' id='par_1_11' title="bbox 148 3971 481 3980">
     <span class='ocr_line' id='line_1_25' title="bbox 148 3971 481 3980; baseline 0.003 -1"><span class='ocrx_word' id='word_1_160' title='bbox 148 3971 481 3980; x_wconf 71' lang='lat'><strong>—--—-.......---—-——-.-·</strong></span> 
     </span>
    </p>
   </div>
   <div class='ocr_carea' id='block_1_11' title="bbox 163 4147 733 4220">
    <p class='ocr_par' dir='ltr' id='par_1_12' title="bbox 163 4147 733 4220">
     <span class='ocr_line' id='line_1_26' title="bbox 163 4147 733 4220; baseline -0.004 -18"><span class='ocrx_word' id='word_1_161' title='bbox 163 4153 222 4220; x_wconf 79' lang='lat'><strong>(95)</strong></span> <span class='ocrx_word' id='word_1_162' title='bbox 240 4170 262 4205; x_wconf 86' lang='lat' dir='ltr'><strong>v.</strong></span> <span class='ocrx_word' id='word_1_163' title='bbox 275 4155 378 4203; x_wconf 70' lang='lat' dir='ltr'><strong>Bonos!</strong></span> <span class='ocrx_word' id='word_1_164' title='bbox 398 4153 467 4210; x_wconf 81' lang='lat' dir='ltr'><strong>Toni.</strong></span> <span class='ocrx_word' id='word_1_165' title='bbox 487 4151 522 4199; x_wconf 89' lang='lat' dir='ltr'><strong>ll.</strong></span> <span class='ocrx_word' id='word_1_166' title='bbox 545 4168 569 4216; x_wconf 89' lang='lat' dir='ltr'><strong>p.</strong></span> <span class='ocrx_word' id='word_1_167' title='bbox 590 4147 733 4200; x_wconf 82' lang='lat'>170-180.</span> 
     </span>
    </p>
   </div>
   <div class='ocr_carea' id='block_1_12' title="bbox 490 4441 763 4552">
    <p class='ocr_par' dir='ltr' id='par_1_13' title="bbox 490 4441 763 4552">
     <span class='ocr_line' id='line_1_27' title="bbox 490 4441 763 4552; baseline -0.007 0"><span class='ocrx_word' id='word_1_168' title='bbox 490 4441 763 4552; x_wconf 76' lang='lat'>104852</span> 
     </span>
    </p>
   </div>
   <div class='ocr_carea' id='block_1_13' title="bbox 0 0 1395 4814">
    <p class='ocr_par' dir='ltr' id='par_1_14' title="bbox 0 0 1395 4814">
     <span class='ocr_line' id='line_1_28' title="bbox 0 0 1395 4814; baseline 0 0"><span class='ocrx_word' id='word_1_169' title='bbox 0 0 1395 4814; x_wconf 95' lang='lat' dir='ltr'><strong> </strong></span> 
     </span>
    </p>
   </div>
  </div>
 </body>
</html>
