2754 4818
622 423 662 486 19

155 653 193 721 iis
211 665 460 733 arcesserentur,
478 674 550 718 eum
569 651 682 743 quibus
701 655 799 720 omnis
816 669 1004 724 commeatus
1022 660 1137 726 uetitus

156 803 225 858 erat
249 789 311 879 (7).

196 927 280 996 Huic
298 927 444 1020 epistolae
462 928 618 1018 responsio
637 926 755 995 directa
774 931 892 1012 abluit,
912 929 988 996 dum
1007 935 1072 1001 ller
1090 957 1127 1000 ea

153 1089 186 1133 se
211 1066 345 1132 muniret
372 1063 599 1145 declaratione,
623 1087 655 1131 se
673 1087 788 1158 nempe
807 1089 880 1134 oum
900 1069 994 1135 fratre
1010 1069 1134 1138 loanne

155 1201 292 1270 remedia
312 1201 521 1270 efficacissima
540 1225 603 1270 esse
627 1204 802 1274 missurum.

194 1340 306 1432 Neque
331 1352 435 1408 tamen
459 1342 492 1406 in
520 1340 569 1407 his
597 1339 689 1408 nudis
708 1339 801 1408 dietis
819 1357 1053 1431 permanserunt
1072 1343 1132 1411 Or-

149 1477 237 1546 dines
264 1479 449 1559 Generales,
474 1476 527 1544 red
551 1490 703 1568 quantum
721 1490 865 1568 possent,
890 1499 921 1546 se
940 1479 1130 1546 consolidare

149 1617 254 1683 eonati
271 1628 363 1700 sunt,
386 1637 481 1706 quem
498 1614 531 1681 in
550 1614 645 1680 finem
660 1616 812 1706 originem
827 1613 979 1683 dederunt
989 1615 1127 1698 foederi,

153 1752 207 1819 die
231 1757 252 1819 9
270 1753 344 1823 Jan.
377 1757 460 1820 1577
486 1753 563 1819 inito
587 1752 655 1842 (8),
675 1775 736 1842 quo
754 1775 786 1819 se
805 1753 938 1820 invicem
956 1755 1013 1820 snb
1029 1777 1130 1845 poena

152 1888 299 1956 infamiae
324 1889 499 1979 obligarunt
515 1887 555 1956 nd
573 1903 705 1980 coepta,
729 1913 791 1956 uno
810 1890 984 1981 eodemque
1002 1892 1130 1958 oonsilio
1223 1955 1226 1959 .

151 2025 356 2119 perficienda3
375 2040 469 2118 atque
485 2029 615 2118 singuli,
631 2026 886 2095 rimandatorum
898 2051 1043 2109 snorum,
1058 2052 1131 2119 pro·

150 2166 301 2233 miserunt
319 2167 484 2233 immotum
502 2165 695 2256 propositum
714 2165 775 2232 sibi
791 2179 822 2232 et
840 2164 1132 2262 suecessoribusha·

151 2303 246 2384 bere,¹
275 2317 310 2370 ut
329 2303 509 2394 religionem
528 2299 882 2371 Romano-Catholioam
893 2303 1130 2371 etPaoifioatio·

150 2461 223 2506 nem
242 2439 473 2508 Gandarensem
494 2442 695 2521 sustinerent,
719 2454 830 2532 atque,
849 2442 929 2507 salra
950 2440 1129 2508 obedientia

151 2579 231 2668 Regi
250 2577 356 2646 debita
367 2594 388 2658 ,'
401 2580 552 2670 Hispanos
567 2579 752 2669 expellerent
776 2593 807 2646 et
823 2592 858 2647 ut
874 2577 1009 2668 denique
1025 2580 1130 2647 omnia

155 2711 359 2794 adhiberent,
385 2737 464 2802 quae
483 2716 581 2803 quieti
598 2728 630 2781 et
648 2715 738 2781 saluti
756 2716 915 2782 communi
933 2717 1036 2782 lavere
1054 2737 1130 2805 pos-

153 2862 240 2932 sent,
264 2849 339 2916 dum
358 2873 390 2916 se
409 2850 598 2917 abstinerent
616 2850 657 2915 ab
674 2831 762 2916 omni
781 2853 968 2918 commercio
985 2865 1016 2917 et
1034 2841 1130 2918 intel-

151 2988 281 3080 ligentia
304 2989 428 3056 seorsim
448 3010 520 3054 oum
539 2987 575 3053 iis
594 2986 740 3068 colenda,
758 2989 813 3079 qui
827 2987 917 3078 hujus
929 2989 1129 3056 Unionisnon

152 3127 233 3208 sint,
254 3124 308 3193 sed
326 3139 434 3193 eontra
453 3147 485 3191 se
500 3138 719 3216 componerent
734 3149 770 3192 er
789 3126 867 3206 illis,
891 3147 971 3216 quae
981 3127 1039 3193 toti
1050 3149 1128 3192 eon-

148 3265 233 3334 oioni
254 3265 450 3357 placuissent.

178 3565 218 3633 (7)
237 3567 333 3618 Edicto
348 3569 422 3632 regio
438 3565 488 3614 diei
506 3564 523 3612 4
540 3565 602 3614 lulii
621 3563 703 3624 1575,
722 3563 789 3630 apud
807 3579 854 3614 noa
874 3565 900 3614 b,
916 3563 983 3611 'VIII
999 3563 1017 3610 l.
1040 3561 1090 3610 100
1100 3561 1129 3612 B.

178 3661 219 3728 (8)
236 3662 287 3711 Bor
317 3661 344 3710 L.
372 3659 404 3710 X.
431 3659 450 3708 i.
478 3658 531 3707 210
554 3659 584 3708 B.
611 3656 675 3706 llm‘e
695 3658 818 3706 terrebere
835 3657 867 3704 de
887 3654 1017 3704 Generole
1037 3651 1131 3702 Stetere

239 3751 412 3816 onderlr‘rrglre
430 3749 571 3816 gemoeolst.
608 3747 676 3800 Md.
695 3748 755 3798 Rea.
775 3749 801 3798 d.
821 3748 837 3795 9
856 3748 913 3796 lan.
934 3744 1004 3794 Berl.
1024 3745 1049 3795 cl.
1065 3743 1126 3792 Sto·

241 3847 285 3891 tarr
308 3841 381 3892 Gerr.
401 3842 432 3891 l).
453 3841 487 3892 ΙΙ.
507 3840 543 3890 bl.
564 3837 597 3898 7,
618 3839 644 3888 8.
