2762 4814
580 474 742 566 er,

111 699 189 768 huic
219 701 342 766 muneri
368 700 559 791 praeficere,
595 699 765 790 prorisoric
795 713 897 766 autem
916 713 947 767 et
966 722 1097 791 exspec-

114 853 181 907 tata
202 839 328 906 interim
347 839 440 929 Regis
459 837 696 907 confirmatione
716 859 808 929 quam
828 837 930 904 statim
947 838 1099 929 implora·

117 977 224 1058 bunt;
260 974 472 1044 Archiduoem
490 999 562 1042 vero
574 974 794 1066 jusjurandum
812 987 966 1066 praestare
983 975 1099 1076 faciunt

119 1112 303 1182 observandi
335 1113 545 1204 integritatem
580 1113 808 1181 Pacificationis
841 1111 1047 1180 Gandarensis
1074 1128 1104 1180 et

118 1251 276 1343 religionis
295 1249 475 1320 Catholicae
494 1251 528 1317 in
548 1263 650 1334 statu,
672 1250 756 1318 dicta
775 1272 854 1342 pace
872 1250 1039 1318 constituto
1052 1266 1103 1332 ,et

42 1383 48 1392 ’
117 1411 215 1480 quum
234 1387 455 1481 praecedentes
476 1389 708 1458 Gubernatores
728 1411 764 1456 er
778 1388 929 1480 Hispania
943 1389 1030 1456 missi
1046 1388 1106 1455 sint

117 1527 324 1618 (gbemerclst
342 1527 385 1592 cle
402 1529 547 1616 abtsysen
567 1550 607 1594 en
624 1526 948 1618 misbruyolst'ugkcn)
969 1524 1104 1595 Ordini-

119 1663 181 1729 bus
201 1663 320 1753 placuit
338 1664 500 1732 nonnullas
517 1665 709 1732 conditiones
728 1663 883 1732 obeundas
901 1664 1105 1745 constituere,

123 1813 160 1867 ut
190 1800 268 1868 fines
295 1816 482 1892 ponerentur
507 1803 588 1869 inter
611 1805 663 1892 jus
686 1815 718 1869 et
735 1802 902 1895 injuriam,
926 1814 958 1868 et
976 1800 1109 1892 quisque

126 1962 146 2004 a
177 1935 281 2004 dubiis
306 1952 338 2006 et
358 1937 529 2006 diffidentia
548 1939 734 2008 liberaretur
752 1952 847 2029 atque
865 1939 908 2006 ita
929 1937 1017 2026 quies
1034 1937 1111 2003 uni·

128 2071 214 2142 v‘ersa
234 2076 354 2143 institui
372 2091 491 2168 posset,
516 2099 597 2166 quae
612 2079 704 2146 unice
719 2074 836 2166 pendet
851 2098 869 2140 a
886 2072 1113 2140 conservatione

125 2213 282 2304 religionis
310 2213 451 2281 Romano
476 2186 655 2281 Catholicae
682 2226 714 2280 et
741 2210 939 2280 obedieutiae
956 2211 1034 2301 Regi
1052 2210 1113 2276 rite

125 2351 326 2442 legitimeque
348 2352 526 2443 praestitae

174 2492 205 2558 1.
225 2489 338 2580 Itaque
354 2487 551 2558 Gubernator
566 2490 724 2557 Generalis
733 2501 875 2580 agnoscat
886 2489 1003 2580 Regem
1012 2497 1048 2553 ut
1058 2507 1114 2552 aa·

129 2625 905 2715 turalemetlegitimumdominumtotiusregionis
917 2624 1112 2713 ,obligatque

130 2783 163 2827 se
182 2759 222 2826 ad
244 2759 419 2828 sustinenda
439 2775 470 2827 et
481 2753 763 2852 'restituendajura
780 2773 811 2828 et
831 2772 922 2850 pacta
933 2759 1112 2849 quotiacum

9 2953 10 2971 ,
133 2920 195 2989 que
213 2897 274 2964 siut
307 2911 338 2965 et
359 2895 520 2964 efficienda
540 2896 664 2964 decreta
685 2910 776 2963 antea
795 2897 855 2965 rite
871 2895 946 2970 lata.
992 2894 1064 2971 Art.
1085 2897 1115 2963 l.

137 3040 170 3104 2.
196 3038 229 3104 3.
257 3036 310 3105 12.
339 3039 391 3104 16.
417 3040 472 3105 25.

181 3178 214 3242 2.
239 3171 446 3242 Administret
478 3196 571 3265 porro
606 3173 744 3263 regimen
767 3171 1022 3252 Provinciarum,
1054 3191 1115 3237 nna

135 3334 207 3378 com
237 3309 379 3380 Concilio
407 3335 444 3379 ex
462 3311 534 3380 viris
552 3324 734 3394 constante,
759 3312 800 3378 ab
819 3310 991 3380 Ordinibus
1010 3309 1118 3377 Gene-

134 3451 250 3518 ralibus
275 3450 463 3532 nominatis,
497 3449 573 3517 dum
602 3450 810 3520 Gubernatori
840 3449 1021 3519 inhibeatur
1049 3447 1119 3538 pri·
1177 3463 1180 3471 ’

135 3600 217 3656 ratos
239 3603 400 3680 praeterea
420 3589 609 3657 consiliarios
632 3588 794 3658 adhibere.
843 3588 913 3658 Art.
941 3592 972 3654 4.
998 3591 1029 3654 5.

185 3731 217 3796 3.
242 3726 281 3792 In
309 3749 495 3819 quocunque
523 3727 646 3817 negotio
671 3725 800 3815 alicujus
828 3719 1000 3801 momenti,
1028 3715 1122 3784 etiarn

140 3865 337 3933 Gubernator
365 3878 524 3945 teneatur,
552 3861 684 3932 Ordines
711 3858 875 3929 Generales
893 3855 1052 3924 consulere
1070 3879 1123 3924 eo·
1144 3953 1148 3960 Ι

144 4026 274 4099 rumque
294 4002 476 4071 sententiam
496 4002 641 4093 exsequi,
661 4013 732 4109 ante
753 3996 856 4064 omnia
873 3996 975 4065 edicta
995 4007 1124 4101 consen-

143 4165 176 4207 su
207 4139 359 4208 Ordinum
388 4139 564 4230 indigeant3
591 4141 665 4207 itenr
684 4139 801 4206 litteras
820 4136 860 4206 ad
879 4161 945 4204 rem
964 4103 1124 4227 publicam

950 4273 996 4336 5*
