2754 4818
747 398 788 460 42

290 653 377 700 mum
404 631 463 698 lrac
490 629 530 696 de
559 651 593 695 re
621 629 736 697 loanni
762 627 917 718 professus
936 639 981 694 est
999 626 1196 718 Imperator,
1214 651 1279 694 uec

289 795 351 838 non
370 770 429 860 ipsi
447 767 617 836 amicitiam
636 766 855 858 sempiternam
874 765 1015 856 promisit
1026 764 1109 854 (10).

336 908 456 995 Quibus
472 907 607 974 consiliis
624 919 757 986 motum,
776 905 854 972 loeo
870 906 963 972 rerba
977 904 1277 995 fecisselmperatu-
1345 982 1352 1002 ·

290 1069 375 1127 rem,
395 1045 548 1112 incertum
566 1057 629 1124 est,
651 1043 734 1133 quod
753 1055 856 1110 autem
875 1042 908 1108 in
924 1029 1167 1112 mentedoanuis
1178 1041 1277 1108 dubia

290 1184 330 1250 de
358 1186 424 1275 ejus
451 1179 625 1250 sinceritate
652 1165 719 1250 orta
748 1194 868 1264 essent,
897 1179 1009 1248 docent
1037 1181 1132 1270 ipsius
1150 1182 1275 1249 litterae

289 1322 329 1391 ad
354 1319 562 1390 Alexandrum
581 1319 761 1390 llarnesium
779 1314 911 1411 scriptae
927 1318 1010 1408 (ll).
1040 1319 1147 1386 Altera
1164 1333 1276 1409 perte,

290 1459 423 1528 Ordines
451 1461 615 1529 Generales
642 1483 674 1527 ee
696 1461 876 1552 paulopost
895 1456 937 1524 ad
956 1460 1179 1549 Imperatorem
1198 1482 1276 1528 cou-

290 1599 448 1678 tulerunt,
473 1598 594 1688 scriptis
614 1597 725 1665 litteris
744 1597 783 1664 de
800 1600 842 1664 ·11
865 1595 1275 1686 Nur.1577(12),quibus

289 1747 453 1826 postquam
472 1735 584 1825 gratias
602 1736 734 1826 egissent
753 1736 861 1802 eorum
874 1757 973 1825 ‚quae
990 1735 1015 1802 is
1028 1734 1272 1825 jamfeceratad
1363 1791 1364 1822 ᾗ

289 1873 402 1940 bonam
421 1886 452 1940 et
470 1873 641 1964 legitimam
659 1895 781 1942 causam
799 1873 1059 1965 promovendam,
1075 1872 1191 1940 iterum
1202 1895 1273 1940 eum

289 2011 421 2080 inritant
448 2025 483 2079 ut
511 2011 595 2104 apud
623 2014 741 2104 Regem
763 2012 846 2078 bona
872 2034 925 2078 sua
954 2011 1055 2077 officia
1079 2024 1215 2102 praestet
1233 2009 1273 2077 ad

288 2149 486 2216 efficiendum
497 2199 507 2230 ,
542 2147 625 2240 qnod
645 2149 782 2218 loannes
800 2149 981 2217 lustriacus
1001 2173 1019 2216 a
1039 2149 1273 2218 Gubernatione

288 2287 433 2354 Generali
452 2285 646 2368 dimittatur,
670 2299 702 2354 et
720 2286 806 2377 quud
825 2288 858 2352 in
877 2289 942 2377 ejus
955 2286 1058 2374 locum
1069 2285 1272 2354 substituatur
1363 2383 1364 2394 ἵ

288 2421 399 2513 aliquis
426 2423 589 2490 affectione
606 2423 638 2489 in
657 2424 832 2491 Provincias
850 2423 1008 2516 praeditus
1026 2438 1121 2515 atque
1140 2423 1298 2492 Ordini·-
1363 2399 1364 2404 ἵ

274 2560 345 2628 ‚bus
366 2572 528 2652 acceptus,
554 2559 653 2652 qualis
674 2561 767 2629 unice
787 2562 876 2629 citari
895 2557 995 2656 potest
1016 2561 1176 2662 Archidux
1192 2563 1274 2660 llat-
1363 2567 1364 2570 ’

286 2697 391 2792 thiasj
425 2698 518 2790 hujus
539 2700 601 2766 sola
619 2701 851 2782 nominatione,
876 2701 1056 2768 Provinciae
1073 2700 1113 2768 ad
1132 2701 1272 2791 quietem

286 2837 395 2906 reduci
412 2852 557 2930 possunt,
573 2863 644 2907 enm
659 2839 787 2909 Joannis
802 2838 920 2907 indoles
935 2839 979 2908 ita
994 2841 1085 2930 uulgo
1103 2838 1271 2906 abhorres·

287 2989 339 3042 tur
367 2989 403 3044 ut
431 2977 514 3046 cives
541 3001 647 3046 omnes
665 2967 799 3046 extrema
816 2977 1040 3069 qualiacunque
1057 2977 1123 3070 pati
1142 2978 1270 3058 malint,

285 3135 381 3201 quam
398 3111 474 3179 huic
492 3137 524 3180 se
543 3137 659 3205 suaque
676 3117 882 3185 committere.

331 3245 487 3348 Sequente
512 3273 593 3318 anno
620 3254 816 3342 Imperator,
840 3254 958 3323 indicto
977 3268 1069 3322 coetu
1086 3253 1268 3345 Principum

285 3380 436 3473 Imperii,
464 3385 497 3450 in
517 3387 595 3454 urbe
614 3389 832 3473 Wormsacia,
850 3393 949 3461 missis
968 3393 1030 3461 huc
1047 3394 1180 3475 litteris,
1204 3391 1271 3461 Οι-

292 3669 650 3688 m

312 3885 370 3950 l‘d)
388 3887 507 3946 Horou,
528 3888 577 3936 111.
595 3903 618 3952 p¹
638 3889 698 3939 296.

312 3975 371 4039 (ll)
389 3977 489 4025 Srstna
505 3978 536 4025 de
556 3977 621 4026 dallo
635 3979 758 4043 Belqa'cm
779 3980 866 4030 decad.
888 3983 899 4029 l
921 3983 946 4033 L.
967 3984 1001 4032 lx
1021 4001 1047 4049 p.
1063 3982 1122 4034 537.

314 4067 372 4132 (12)
391 4067 506 4126 Bonan,
531 4069 558 4117 Τ.
579 4069 622 4119 lv.
644 4086 669 4134 p.
687 4070 730 4120 66.
