2762 4814
291 710 451 775 attinentes
471 707 679 773 communicet
698 726 801 772 omnes
812 701 951 772 Concilio
967 726 1039 782 suo,
1051 702 1135 793 quod
1147 702 1271 772 delibe-

288 868 356 914 rare
391 859 546 937 nequeat,
573 845 632 912 nisi
659 843 802 935 plurimis
828 841 1009 909 consiliariis
1037 845 1268 933 praesentibus,

287 999 346 1055 art.
366 991 406 1065 8,
427 989 467 1064 9,
490 985 553 1064 10,
577 987 629 1051 11.

333 1129 364 1193 t.
389 1123 536 1190 Liberam
564 1121 724 1213 permittat
752 1117 923 1188 Ordinibus
950 1132 1017 1187 turn
1041 1119 1270 1200 (tenentibus,

287 1283 360 1328 cnm
377 1259 619 1328 Prouincialibus
638 1255 844 1349 congregandi
863 1257 1063 1337 facultatem,
1088 1257 1211 1347 quoties
1231 1259 1268 1326 il-

286 1401 324 1467 lis
348 1399 449 1466 risum
478 1399 555 1479 erit,
583 1399 627 1464 sie
655 1397 750 1463 etiam
768 1394 879 1486 agendi
903 1418 975 1462 curn
996 1396 1102 1462 ricino
1120 1395 1267 1486 Principe

284 1539 334 1603 rel
354 1537 535 1618 Provincia,
555 1548 586 1602 et
604 1557 683 1626 quae
704 1535 764 1601 illis
784 1546 851 1600 tum
869 1534 1049 1624 placuerant
1069 1531 1264 1600 Gubernator
1365 1619 1366 1654 1

283 1673 466 1740 confirmare
484 1685 645 1752 teneatur,
665 1684 724 1740 art.
746 1673 804 1752 15,
825 1675 879 1739 23.

330 1817 362 1879 5.
388 1808 605 1888 Gubernator,
634 1807 844 1875 consentiente
872 1808 1004 1875 concilio
1028 1830 1104 1889 suo,
1126 1809 1264 1874 nominet

283 1946 322 2014 ad
353 1946 484 2015 honores
511 1945 661 2012 militares
687 1967 809 2025 omnes,
841 1945 957 2011 milites
984 1958 1087 2011 autem
1107 1968 1170 2012 non
1189 1969 1262 2012 con-

282 2086 396 2152 scribat
423 2107 524 2175 neque
551 2082 703 2175 praesidia
729 2082 892 2174 disponat,
912 2083 977 2148 sine
995 2061 1139 2149 consensu
1159 2082 1259 2150 Ordi-

280 2245 356 2288 num
376 2222 573 2289 Generalium
583 2245 592 2302 ;
618 2243 720 2310 neque
739 2221 985 2289 Gubernatorem
1004 2219 1178 2287 Provinciae
1196 2243 1256 2286 no-

277 2357 393 2437 minet,
413 2357 472 2422 nisi
498 2370 625 2447 accepta
644 2354 798 2424 Ordinum
816 2357 995 2426 Provinciae
1013 2358 1254 2450 approbatione,

275 2505 335 2561 art.
359 2496 421 2574 18,
446 2497 508 2574 19,
528 2497 583 2570 20.

321 2630 491 2700 Occasione
508 2631 583 2698 belli
595 2683 605 2712 ,
617 2654 666 2700 res
674 2633 823 2700 militares
833 2648 918 2725 gerat
926 2634 1000 2716 ,sed
1017 2633 1161 2702 adhibito
1172 2632 1254 2701 Gon-

275 2769 348 2838 cilio
377 2769 455 2837 belli
466 2821 476 2852 ,
496 2771 536 2836 ab
555 2769 727 2839 Ordinibus
747 2772 800 2838 tali
822 2775 1053 2864 opportunitate
1071 2773 1134 2864 ipsi
1154 2796 1253 2863 appo-

275 2908 400 2991 nendo,
421 2922 479 2978 art.
503 2914 558 2981 21.

319 3052 353 3119 6.
378 3045 438 3113 liei
463 3049 600 3115 aerariae
619 3048 716 3140 gestio
734 3070 829 3140 penes
850 3045 982 3116 Ordines
1002 3048 1167 3115 Generales
1182 3070 1253 3114 ma·
1360 3063 1361 3142 j

272 3196 363 3265 neat3
389 3185 506 3249 salsum
526 3187 658 3252 retineat
677 3185 871 3267 Gubernator
891 3185 1046 3277 quidquid
1062 3188 1104 3252 ab
1120 3185 1248 3254 Ordini-
1359 3149 1361 3264 l

272 3317 354 3399 bus,
372 3341 391 3382 a
408 3340 528 3384 recessu
546 3319 619 3385 inde
635 3321 765 3389 Joannis
781 3335 900 3412 gestum
919 3337 1016 3404 esset,
1035 3337 1094 3392 art.
1116 3328 1180 3404 22,
1195 3329 1247 3394 27.

203 3459 208 3468 ’
317 3455 359 3522 m
380 3453 515 3544 denique
532 3457 558 3522 si
574 3456 629 3524 has
648 3457 841 3527 conditiones
859 3461 1021 3551 infregerit
1038 3461 1246 3540 Gubernator,

271 3590 405 3661 Ordines
422 3593 601 3662 facultatem
621 3594 683 3663 sibi
701 3597 889 3665 constituant
899 3649 909 3680 ,
919 3599 1007 3666 illum
1020 3649 1031 3682 ,
1042 3598 1247 3668 admonitione

270 3731 382 3800 frustra
401 3732 499 3815 facti,
518 3734 611 3802 armis
629 3733 820 3826 expellendi,
838 3750 900 3807 art.
918 3741 962 3805 30
972 3736 1056 3826 (23).

307 4078 364 4150 (23)
381 4081 455 4131 cont.
484 4099 529 4133 roa
557 4086 584 4135 t.
611 4088 669 4140 ΧΠ.
700 4090 718 4138 f.
748 4087 765 4138 7
790 4091 821 4140 tt.
868 4091 951 4144 Tassat
983 4093 1126 4145 Commeat.
1158 4094 1244 4144 t.1t.

373 4190 399 4240 p.
418 4172 468 4222 286
487 4190 558 4238 seqq.
