2762 4814
773 424 815 486 62

300 679 373 728 caru
398 657 462 724 sim
489 666 659 746 pugnantes
678 654 898 721 constituerant
909 703 919 736 ,
944 655 1008 722 Rex
1027 654 1095 744 ipse
1114 623 1296 722 stabilire·

299 809 349 862 rat
361 845 371 877 ,
405 792 505 861 donec
533 792 693 859 advene
714 789 904 882 reipublicae
924 791 964 857 ab
984 789 1156 859 Ordinibus
1176 792 1295 860 Gene-

292 933 409 1000 ralibus
427 943 505 998 esset
523 930 713 1022 praevisum.
761 930 803 998 Et
821 929 968 1020 quoniam
986 951 1064 1021 pace
1085 927 1288 998 Gandsueusi
1373 871 1376 1004 i

296 1070 444 1161 Princeps
473 1069 656 1139 transisses
683 1069 784 1166 regius
815 1066 1000 1160 gubernator
1026 1065 1218 1134 Hullaudiae
1248 1081 1281 1162 et
1374 1045 1376 1140 i

294 1205 478 1276 Zeelaudiae
497 1222 563 1275 erat
584 1214 727 1298 agnitus,
750 1203 799 1273 his
817 1205 987 1276 Provinciis
1004 1205 1047 1274 ita
1066 1205 1199 1296 imperio
1220 1205 1287 1274 Gu-
1375 1185 1376 1188 Ἴ

293 1345 484 1413 bematiouis
501 1345 659 1414 Generalis
676 1345 821 1426 exemtis,
832 1344 980 1434 Princeps
994 1343 1179 1412 drausiacus
1192 1357 1284 1412 ante
1375 1375 1376 1380 ¹

293 1505 390 1574 quam
417 1481 564 1552 Edictum
589 1496 775 1574 perpetuum
794 1484 835 1570 ab
853 1480 1025 1551 Ordinibus
1043 1480 1232 1560 Hollaudiae
1250 1496 1281 1549 et

293 1619 475 1690 Zoelaudiae
494 1634 572 1689 esset
602 1635 766 1712 acceptum
789 1618 983 1711 ordinesque
1003 1620 1170 1688 Generales
1199 1621 1276 1688 uui·

294 1779 413 1824 versam
440 1758 666 1849 rempublicam
694 1759 956 1850 composuissent,
989 1758 1109 1824 nullum
1134 1741 1279 1850 obsequi-

295 1919 351 1964 uru
378 1896 494 1966 Joanui
524 1895 685 1966 dusuiaco
710 1896 866 1980 debebat3
892 1894 978 1987 quod
991 1899 1058 1987 jam
1076 1895 1160 1962 facto
1179 1908 1279 1964 osteu-

297 2035 409 2117 darat,
440 2057 537 2126 quum
562 2035 692 2104 Joauuis
713 2033 959 2117 adhortationes,
988 2047 1024 2102 ut
1042 2031 1190 2107 Edictum
1206 2056 1281 2124 per·

263 2179 268 2188 '
295 2188 426 2265 petuam
444 2177 620 2265 acciperet,
649 2172 766 2242 directe
784 2186 925 2266 negasset
944 2171 1014 2261 (12)
1034 2173 1196 2263 muium,
1212 2171 1279 2238 sibi

293 2309 494 2400 perspicuum
526 2323 592 2376 erat
607 2355 610 2362 -
623 2309 770 2378 Edictum
806 2323 1011 2401 perpetuum,
1044 2309 1175 2376 minime
1204 2331 1278 2376 curu

294 2443 512 2512 Pacifioatioue
540 2443 736 2513 Gaudareusi
758 2447 935 2518 conuenire.
983 2449 1147 2539 Postquam
1168 2469 1278 2515 samse

294 2580 465 2650 Nouembri
497 2580 631 2650 Ordines
665 2583 866 2664 Hollaudiae,
905 2587 1016 2652 urbem
1052 2583 1276 2655 Amstelodami

295 2720 418 2788 structis
452 2720 573 2788 insidiis
602 2721 668 2788 fero
696 2723 946 2814 occupavissent,
974 2723 1048 2793 urbs
1067 2725 1142 2807 illa,
1174 2723 1273 2792 musis
1373 2707 1374 2710 Ἴ

292 2860 401 2951 legatis
428 2859 512 2952 apud
534 2860 668 2930 Ordines
688 2861 853 2930 Generales
871 2861 989 2930 dehac
1008 2861 1176 2930 violatione
1194 2863 1275 2954 pac'n

295 3001 505 3070 Gauderensis
537 3014 644 3092 questa
673 3014 740 3083 est,
769 3025 832 3092 quo
861 3002 977 3070 factum
1005 3016 1051 3070 est
1081 3016 1117 3072 ut
1145 3002 1274 3072 Ordines
1373 3029 1374 3060 ι

293 3137 461 3206 Generales
490 3139 601 3206 litteris
630 3137 663 3210 d.
693 3143 712 3206 7
737 3139 815 3208 Dec.
839 3141 923 3208 1577
941 3139 1042 3208 missis
1062 3140 1131 3231 (13)
1151 3141 1273 3210 Princi·
1372 3153 1373 3156 ’

295 3295 368 3363 pem
395 3275 542 3340 Arausiae
564 3275 719 3364 jubebant
746 3275 785 3343 de
813 3277 895 3344 facto
926 3277 1105 3369 inquirere,
1128 3290 1221 3370 atque
1240 3278 1272 3346 ia

290 3409 483 3500 instigatores
501 3408 592 3502 hujus
612 3413 811 3502 aggressionis
831 3415 1270 3499 ammadvertsre,simu1in-

290 3547 468 3638 tegritatem
485 3547 572 3638 pacis
590 3547 797 3618 Gaudareusis
810 3553 930 3622 ratione
950 3553 1042 3646 hujus
1060 3554 1147 3624 urbis
1164 3567 1267 3626 contra
1370 3589 1372 3668 p

290 3685 474 3756 licliaudiae
498 3685 630 3756 Ordines
652 3703 905 3782 expoposceruut.

302 3907 616 3920 ”wa——

318 4055 375 4116 (12)
392 4057 453 4105 so..
472 4057 503 4108 x.
525 4058 544 4109 s.
563 4060 614 4108 226
634 4061 652 4109 s
669 4065 696 4109 aa
712 4062 730 4112 r.
748 4061 798 4109 ors
817 4067 849 4111 a.

312 4146 371 4215 (ra)
389 4149 440 4196 aot
458 4147 485 4196 ι.
505 4149 548 4197 xi.
569 4151 586 4198 r.
609 4151 660 4200 arc
678 4153 705 4203 s.
