2754 4818
577 397 617 458 43

88 627 191 697 dines
215 625 381 696 Generoles
398 622 439 690 ad
459 645 582 692 eausam
596 621 810 714 proferendam
825 627 996 710 arcessirit3
1010 632 1083 719 (13)

90 767 156 858 qui
190 768 279 836 huno
297 767 328 833 io
348 765 443 832 linem
463 761 623 834 dominum
643 760 682 826 de
701 760 748 829 St.
770 761 947 855 Aldegoodo
966 789 1004 833 eo
1022 767 1081 836 de·

88 906 252 998 legarunt
271 904 353 994 (14).
396 901 436 1002 Is
454 899 549 994 igitur
577 898 683 966 habita
711 899 849 966 oratione
873 899 925 968 die
949 905 1060 997 7Maji
1072 957 1081 988 ,

90 1044 270 1136 Principes
287 1039 465 1108 adhortatus
484 1051 529 1106 est
556 1036 708 1105 Ordinem
725 1050 827 1127 portas
844 1042 1008 1131 amplecti,
1032 1043 1085 1110 iis-

94 1205 171 1272 que
201 1183 306 1249 salte·
329 1180 449 1260 farere,
465 1199 562 1267 quum
582 1174 715 1244 Ordines
733 1177 899 1244 Generales
917 1201 1086 1271 numquam

92 1319 308 1410 neglexissent
325 1316 464 1408 Principi
477 1313 607 1405 Imperii
619 1313 756 1381 debitam
766 1317 970 1384 reverentiam
981 1341 1089 1408 praes-

93 1472 172 1526 tare
193 1470 225 1525 et
243 1446 389 1535 foedera,
413 1476 450 1520 er
469 1453 712 1521 omnimemoria
723 1455 798 1520 inita
809 1503 819 1533 ,
831 1453 1087 1546 integrahabere.

97 1598 216 1690 Atque
244 1616 318 1661 eum
343 1592 519 1683 Imperator
531 1593 708 1682 juramento
725 1613 757 1658 se
776 1591 960 1682 obligasset,
980 1616 1021 1660 ne
1038 1608 1087 1662 to·

95 1734 223 1800 leruret
241 1731 335 1798 ullam
362 1729 515 1796 ditionem
531 1729 661 1820 imperii
683 1752 701 1794 a
729 1728 899 1820 peregrinis
917 1732 1015 1822 copiis
1034 1734 1087 1800 of·-

99 1869 221 1951 lendi,
239 1870 280 1935 ab
296 1829 371 1949 illo,
389 1881 484 1958 utque
506 1866 672 1935 aeoneilio
691 1865 870 1948 adsidente,
882 1867 1090 1959 'legatusjure

100 2027 139 2074 se
169 2020 279 2098 petere
305 2005 471 2072 arbitratus
496 2017 558 2085 est,
592 2017 628 2074 ut
645 2003 805 2095 Principes
823 2006 936 2072 collato
954 2007 1091 2076 exercitu

98 2145 187 2212 laeso
205 2142 390 2234 integritatis
405 2145 478 2232 jura
496 2143 590 2208 totius
609 2143 745 2232 eorporis
762 2142 975 2225 vindicarent,
995 2144 1093 2213 Joao-

101 2303 183 2348 nem
212 2281 409 2350 dustriaoom
435 2278 637 2363 damnarent,
672 2303 857 2371 omnemque
885 2295 1092 2352 commeatum

102 2419 331 2496 rebellantibus
352 2417 585 2488 interdicerent.
631 2417 695 2487 Sed
711 2419 848 2488 conditio
866 2421 996 2512 Imperii
1014 2423 1093 2492 ee·-

101 2557 226 2626 manioi
243 2557 296 2623 illa
315 2569 415 2622 aetate
433 2555 503 2622 talis
521 2568 603 2636 erat,
627 2565 741 2624 utnon
758 2557 827 2649 plus
845 2558 885 2624 ab
904 2582 963 2640 eo,
987 2560 1095 2628 veleb

105 2696 306 2785 imperatore
339 2713 431 2783 qoam
466 2691 652 2758 conciliandi
680 2715 775 2783 opera
794 2697 961 2785 exspectari
980 2710 1093 2786 posset.

108 2830 222 2920 Qualis
249 2852 360 2920 opera,
384 2829 424 2894 ab
445 2827 636 2918 Imperatore
654 2829 793 2920 primum
811 2829 843 2894 in
863 2830 1095 2900 deliberationi-

108 2971 173 3037 bus
191 2991 263 3035 eum
279 2967 401 3034 Joanue
419 2965 581 3034 lustriaco
598 2965 734 3049 habitis,
753 2967 865 3036 deinde
882 2970 916 3035 io
936 2993 1096 3062 congresm

111 3105 300 3174 coloniense
320 3105 468 3195 praestita
488 3117 544 3174 est.

159 3242 292 3313 Ordines
311 3244 475 3311 Generoles
493 3265 565 3310 oum
585 3243 770 3313 audivissent
783 3268 889 3353 mense
902 3247 992 3314 Juoii
1009 3251 1095 3318 1582

12 3387 17 3394 “
111 3383 340 3474 Imperatorem
352 3381 538 3450 Germaniae
549 3381 718 3474 Augustam
728 3383 960 3452 vindelicorum
971 3386 1097 3453 comitia

146 3700 203 3768 (13)
221 3701 308 3750 Reeeu
337 3699 430 3749 lettres
454 3713 504 3763 que
528 3697 699 3762 t‘ltmpsrsar
725 3713 839 3763 ueroque
863 3701 900 3749 lar
918 3701 1058 3754 Etscseors
1076 3719 1105 3752 er

208 3792 296 3849 doibt,
320 3791 404 3858 brs'eff
422 3792 503 3854 uprde
532 3787 650 3854 Purpura
680 3795 848 3854 trampus-tar
873 3793 889 3840 d
917 3791 1015 3842 Wormr
1031 3809 1106 3858 porr

208 3885 323 3950 purifier
343 3883 380 3931 les
400 3883 512 3948 affairer
529 3882 561 3929 de
575 3881 720 3946 pordeobo.
757 3881 817 3929 lies.
839 3882 864 3932 d.
882 3883 916 3931 22
934 3884 1005 3937 Febr.
1025 3877 1102 3937 1578.

209 3975 275 4041 apud
293 3977 416 4032 Boron,
438 3973 507 4022 Tum.
526 3973 552 4022 5.
570 3989 596 4037 p.
615 3971 678 4020 312.

146 4067 202 4134 (14)
221 4069 290 4127 llos,
313 4067 338 4117 b.
359 4065 417 4116 ΧΠ.
436 4065 455 4116 l.
475 4063 510 4113 27
527 4065 549 4115 A
569 4091 598 4101 -
619 4063 653 4112 ³2
671 4064 703 4112 A.
