2762 4814
713 475 774 542 100

277 721 349 788 ret,
380 717 473 796 atque
509 727 567 796 pro
591 708 628 774 ed
656 706 773 774 tributa
812 705 973 774 Generalis
1010 705 1259 796 oppigneraret,

279 847 346 935 ipse
365 840 567 934 Zuescgbem
586 866 697 912 munus
715 843 798 912 istud
817 847 970 935 suscipere
987 843 1158 924 recusarit,
1176 866 1261 933 quo-

276 979 367 1060 niam
405 979 544 1049 addictio
571 981 767 1072 vectigalium
784 981 1014 1060 'Generalinm,
1045 979 1162 1046 nullius
1190 971 1260 1046 crat

279 1119 491 1203 auctoritatis,
525 1142 619 1210 qnam
646 1117 701 1186 diu
730 1141 767 1185 ea
788 1118 926 1186 nondum
945 1119 1044 1185 fotini
1063 1117 1260 1184 immutabili

280 1270 379 1325 essent
400 1257 562 1324 constituta
585 1256 669 1345 (96).

325 1394 465 1486 Accepto
500 1393 622 1461 doanne
649 1393 810 1460 Austriaco
840 1393 1053 1460 Gubernatore
1090 1391 1257 1472 Generali‚

280 1531 411 1602 Ordines
439 1533 604 1600 Generales
621 1530 691 1619 (97)
722 1553 773 1597 aes
800 1530 955 1610 alienum,
975 1529 1049 1596 indo
1074 1544 1257 1620 atempore

277 1669 373 1736 initae
396 1669 519 1736 unionis
538 1681 751 1750 contractum,
769 1666 990 1735 restituendum
1006 1690 1071 1734 esse
1090 1681 1252 1750 statuunt;

279 1807 340 1896 qui
364 1805 490 1896 propter
497 1854 508 1885 ,
532 1805 652 1896 integra
678 1806 710 1871 in
739 1817 800 1871 tres
827 1827 921 1871 annos
948 1806 1082 1873 retinent
1115 1807 1257 1887 tributa,

278 1943 341 2011 buc
380 1965 477 2035 usque
504 1965 668 2025 concessa,
696 1943 832 2034 generali
872 1943 995 2033 insuper
1025 1943 1171 2032 uectigali
1198 1967 1256 2034 pro

277 2082 395 2172 singilis
440 2082 595 2172 capitibus
631 2079 812 2172 praestando
848 2103 938 2170 agere
965 2080 1128 2148 instituunt
1154 2081 1248 2171 (98),

278 2243 296 2292 a
317 2243 378 2308 qua
395 2241 487 2286 nemo
505 2216 702 2308 excipiendus
720 2230 797 2288 erat.
817 2207 944 2308 Opinati
962 2217 1058 2284 etiam
1077 2233 1146 2286 sunt
1162 2220 1252 2310 lega-

276 2367 323 2420 tos
342 2353 499 2420 dimittere
524 2355 557 2418 in
575 2354 748 2443 prouincias
768 2377 840 2435 eas,
865 2377 945 2445 quae
963 2354 1043 2421 nihil
1062 2355 1094 2420 in
1106 2379 1251 2425 commu-

275 2511 349 2556 nem
377 2489 505 2556 solutem
530 2491 742 2573 contulerant;
777 2504 812 2558 ut
829 2493 900 2558 illae
919 2507 1166 2584 permoverentur
1184 2497 1249 2562 tri-

275 2627 352 2695 buto
372 2627 536 2695 Generalis
555 2639 586 2694 et
605 2627 716 2719 capitis
734 2629 865 2719 vectigal
880 2643 1047 2719 praestare.

317 2766 443 2835 Dictum
472 2765 647 2847 tributum,
679 2789 697 2830 a
731 2767 855 2858 singulis
876 2767 1046 2834 Provinciis
1064 2781 1172 2858 petere
1191 2767 1249 2834 de-

274 2903 409 2970 buerunt
427 2901 560 2972 Ordines
575 2903 757 2973 Generalcs:
778 2926 808 2973 r.
827 2927 856 2973 c.
878 2902 1045 2993 quandoid
1064 2929 1082 2970 a
1099 2905 1249 2973 concione

276 3039 399 3110 Gelriae
411 3088 421 3120 ,
441 3041 472 3109 N
473 3041 593 3131 eomagi
603 3039 710 3108 habita
721 3042 879 3132 petierunt
887 3040 939 3107 die
952 3045 967 3108 1
980 3043 1155 3112 Jutii1577
1166 3045 1246 3133 (99),

273 3177 425 3244 rationem
448 3178 622 3268 allegabant
639 3201 711 3245 curn
729 3201 877 3271 expensae
897 3178 1095 3270 quotidianae
1113 3187 1156 3249 30
1174 3183 1248 3247 mil-

270 3311 313 3378 lia
342 3312 411 3381 flor.
442 3313 644 3395 excederent,
675 3338 706 3382 se
725 3314 766 3381 ad
786 3340 919 3385 summas
938 3319 1089 3408 angustias
1110 3340 1172 3385 esse
1189 3339 1241 3383 re-

273 3447 398 3529 dactos,
419 3449 479 3516 sibi
500 3451 605 3540 itaque
623 3451 703 3518 nihil
722 3475 877 3543 superesse
894 3455 975 3536 nisi,
999 3477 1245 3546 magnampccu·

272 3589 343 3664 niae
368 3587 431 3654 rim
460 3587 660 3677 conquirere:
688 3589 780 3656 »dat
795 3614 834 3656 er
846 3601 910 3658 met
921 3603 1020 3684 grute
1034 3594 1243 3676 deliberatio,

277 3779 624 3795 *Ἤ

298 3899 355 3966 (titt)
374 3899 426 3949 itas
451 3901 475 3948 d.
490 3901 520 3950 12
540 3902 600 3968 Apr.
622 3903 648 3950 in
669 3903 740 3954 Beni.
761 3906 786 3955 d.
808 3903 903 3954 statas
924 3905 999 3956 Geni·
1020 3907 1051 3958 D.
1069 3909 1105 3960 lt.
1126 3925 1153 3975 p,
1171 3909 1230 3960 235.

298 3990 356 4054 (97)
373 3991 435 4042 ltu.
453 3992 478 4040 d.
500 3993 592 4058 ottaji
609 3992 676 4044 1577
692 3994 784 4044 ibidem
801 4011 826 4059 p.
843 3994 904 4046 272.

306 4083 362 4147 (98)
385 4081 435 4130 lica
460 4083 485 4132 d.
502 4083 527 4134 7.
543 4086 567 4133 8.
590 4086 620 4134 16
638 4087 697 4149 ttaji
716 4085 781 4136 1577
798 4086 901 4149 ibidem,
923 4105 947 4154 p.
957 4089 1103 4140 tta-298.

297 4173 354 4239 (99)
372 4173 429 4224 virt.
450 4189 547 4223 auant!
567 4176 593 4224 Τ.
614 4175 653 4224 111
671 4193 696 4240 p.
721 4177 745 4228 1.
