2754 4818
720 457 760 519 ts

297 691 363 759 Nec
386 689 515 756 meliore
542 707 681 754 successu
706 707 758 750 nsa
777 697 822 750 est
839 681 950 773 legatio
970 680 1121 771 Anglica,
1147 703 1229 770 qnae

252 850 402 896 unacum
422 824 559 917 Imperio
577 822 762 892 Germanico
780 833 812 887 et
827 820 945 899 Gallia,
968 841 1071 886 mense
1088 821 1229 909 Angusto

255 971 341 1035 1578
352 1015 363 1047 ,
402 987 480 1031 nora
514 957 735 1053 pacificationis
768 957 937 1025 tentamina
968 957 1060 1037 fecit,
1093 956 1231 1024 loannes

253 1103 338 1171 enim
356 1103 472 1170 oblatas
491 1100 683 1168 conditiones
701 1098 831 1177 abnuit,
856 1096 1040 1187 quoniame
1059 1094 1231 1186 liegecog·

253 1253 392 1322 noverat,
420 1240 524 1330 ipsum
550 1234 692 1305 statuisse
723 1257 770 1300 res
799 1232 1009 1302 conciliationi
1027 1233 1232 1324 Imperatoris

254 1379 376 1447 deferre
399 1375 483 1467 (25).

301 1516 381 1585 Cum
400 1512 526 1582 interim
544 1512 724 1579 Provinciae
743 1507 940 1590 Catholicae,
961 1507 1001 1575 de
1008 1507 1071 1576 fide
1080 1507 1233 1576 Matthiae

254 1651 442 1722 Archiducis
460 1650 595 1730 dubiae,
620 1672 710 1740 agere
728 1649 897 1740 coepissent
915 1670 987 1714 oum
997 1648 1085 1715 Duce
1100 1645 1232 1713 d'dlen-

254 1813 313 1879 con
324 1838 335 1870 ,
368 1787 487 1879 Regina
509 1809 530 1853 'e
555 1809 589 1854 re
608 1810 661 1854 sua
679 1809 744 1854 esse
761 1783 907 1853 arbitrata
926 1797 972 1851 est
1004 1784 1088 1853 omni
1115 1783 1231 1865 modo,

255 1925 498 1994 machinationes
523 1923 600 1991 dicti
619 1925 714 1992 Ducis
733 1921 876 2004 eludere3
898 1922 973 1988 hinc
993 1923 1085 1989 etiarn
1105 1921 1235 1989 Ordini-

253 2065 311 2133 bus
329 2063 463 2132 snbsidia
482 2061 645 2155 denegavit
655 2112 665 2143 ,
686 2060 813 2128 sihnne
831 2062 952 2129 Ducem
960 2057 1001 2125 ad
1009 2061 1147 2150 regimen
1154 2083 1236 2151 per-

255 2203 360 2268 venire
376 2201 494 2292 passuri
511 2213 630 2282 essent3
655 2222 749 2290 porro
768 2199 848 2290 petit
866 2197 1088 2288 inspectionem
1107 2193 1237 2264 acturum

254 2337 439 2428 scriptorum
458 2335 499 2403 ad
516 2336 596 2403 hanc
612 2359 680 2403 renr
699 2307 943 2428 nertinentium,
964 2336 1090 2403 tandem
1110 2335 1235 2404 addidit

253 2473 374 2556 minas,
394 2495 425 2540 se
443 2474 610 2541 contrarias
628 2487 731 2566 partes
749 2487 939 2555 secuturam,
956 2474 1150 2566 simulatque
1166 2472 1236 2543 Οτ-

254 2609 342 2678 dines
368 2631 471 2678 versus
490 2610 623 2677 Galliam
642 2633 768 2702 tergere
787 2611 970 2702 coepissent.

299 2749 404 2837 Quum
431 2747 632 2816 nihilominus
652 2747 736 2815 idem
757 2749 948 2840 periculum,
972 2763 1096 2842 aparte
1115 2749 1237 2818 Galliae

254 2887 400 2969 instaret,
441 2887 677 2956 conventionem
704 2887 887 2979 inceperunt
914 2909 987 2954 cnm
1016 2888 1104 2955 llnoe
1132 2887 1236 2955 Alen-

253 3025 345 3116 conio
368 3024 421 3091 die
445 3027 487 3092 13
511 3028 593 3116 Aug.
620 3028 720 3095 1578.

298 3163 400 3231 llinas
426 3175 532 3230 tamen
561 3185 628 3229 snas
646 3184 710 3228 non
729 3162 861 3252 explerit
881 3161 1020 3253 Regina,
1044 3163 1086 3230 ob
1107 3185 1233 3232 cansam

254 3318 304 3365 er*
317 3298 515 3389 sequentibus
543 3298 615 3365 satis
633 3311 830 3389 apparentem
841 3323 850 3382 ;
885 3299 978 3367 etiam
999 3300 1119 3368 Ducem
1137 3301 1234 3372 Pala-

254 3435 356 3503 tinum
376 3434 573 3504 Gasimirinm
591 3456 663 3501 enm
681 3437 778 3524 copiis
793 3437 984 3506 subsidiariis
998 3461 1125 3507 manere
1140 3438 1228 3520 sirit,

255 3593 347 3663 qnam
372 3568 511 3641 Gandaai
534 3573 630 3664 egisse
651 3574 870 3665 comperimus.
896 3574 978 3666 (26).

268 3848 613 3862 ——s-——n--a—-n—-oe-

265 4043 322 4110 (26)
340 4046 392 4095 Bon
409 4046 435 4096 l..
455 4046 514 4097 ΧΠ.
536 4048 555 4097 r.
572 4047 605 4096 ts
621 4049 649 4098 n.

264 4137 322 4205 (26)
339 4138 390 4187 Bor
408 4137 435 4187 l..
453 4135 528 4190 ¹111.
549 4155 575 4205 p.
593 4137 627 4190 7⁵
646 4155 703 4204 sqq.
