2754 4818
592 472 634 538 ³3

116 700 176 768 dit
205 722 278 767 cnm
304 711 397 790 pacto
423 697 487 766 diei
514 705 552 766 17
573 700 650 790 Maji
670 703 754 768 1579
773 701 864 788 (30),
888 723 950 792 quo
967 700 1101 770 Ordines

115 839 269 907 Artesiae
281 888 291 920 ,
320 837 522 918 Harmoniae,
550 836 723 904 Insularum
734 887 745 919 ,
772 839 871 905 Iluaoi
897 851 928 906 et
955 838 1100 907 Orchiaei

121 975 166 1042 in
194 975 325 1066 gratiam
351 997 423 1043 curn
445 976 530 1065 Rege
546 973 702 1041 redierant
722 975 779 1041 sita
799 987 865 1056 est,
888 987 1103 1067 praeterquam

115 1113 161 1177 in
187 1111 374 1180 conditione
402 1110 442 1178 de
468 1113 553 1179 cultu
581 1111 736 1201 religionis
764 1109 1104 1179 Romano-Catholicae

114 1249 216 1316 unice
242 1248 409 1331 servando,
442 1249 476 1314 in
498 1249 620 1316 silentio
644 1247 684 1316 de
706 1246 870 1314 Ordinem
892 1247 1105 1316 Generaliom

115 1386 261 1476 juribus.
309 1387 357 1452 Ile
375 1387 488 1476 quibus
503 1409 600 1476 quum
614 1385 693 1453 nihil
708 1385 882 1469 diceretur,
900 1387 979 1476 Regi
993 1387 1025 1452 in
1036 1409 1108 1478 pos·

113 1535 226 1588 terum
243 1545 292 1590 res
308 1501 522 1590 tantummodo
532 1536 598 1590 erat
608 1546 679 1590 cum
688 1524 856 1591 Provinciis
865 1524 1001 1614 singulis.
1047 1525 1106 1592 At·

120 1681 190 1749 quc
222 1659 285 1727 hoo
312 1662 417 1750 ipsum
435 1659 596 1752 Philippus
615 1661 647 1728 ll
666 1661 707 1726 ab
725 1661 814 1727 initio
831 1673 1042 1752 spectaverat,
1066 1683 1106 1728 ne

118 1796 213 1863 aliud
242 1797 474 1864 Provinciamm
503 1797 628 1864 unitatis
658 1799 720 1864 sire
747 1799 974 1866 communitatis
992 1799 1106 1867 eriste-

31 1937 35 1952 “
119 1947 177 2000 ret
209 1933 464 2016 fundamentum,
495 1934 555 2002 nisi
584 1933 668 2024 quod
692 1947 842 2026 potestate
869 1934 1108 2003 Gubemationis

120 2069 287 2138 Generalis
305 2071 408 2162 regiae
418 2070 580 2141 niteretur.
627 2073 689 2139 Res
699 2074 854 2162 generales
866 2073 926 2138 sibi
934 2091 1107 2153 reservans,

128 2210 199 2276 Iler
227 2207 380 2276 Ordinum
408 2209 560 2276 rationem
589 2221 710 2275 tanturn
737 2208 853 2275 habere
880 2208 1023 2290 volebat,
1053 2209 1111 2276 ubi

122 2346 168 2414 de
190 2346 378 2436 singularum
397 2347 628 2414 Prorinoiarum
646 2347 777 2437 negotiis
789 2346 975 2438 juribusquc
992 2347 1109 2438 ageba-

120 2498 190 2555 tur.
237 2485 437 2552 Ecoutrario
457 2484 657 2566 Provinciae,
677 2507 770 2575 quam
789 2485 921 2551 maxime
944 2483 1107 2551 ordinum

129 2622 347 2690 Generaliom
379 2621 529 2711 collegio
557 2634 640 2687 certa
656 2623 729 2711 jura
750 2634 782 2687 et
799 2635 981 2712 perpetuam
1000 2621 1109 2688 effica-

127 2761 214 2826 ciam
236 2757 335 2824 tribui
358 2757 596 2845 confirmarique
617 2757 773 2823 nolebant.

177 2894 329 2973 Ordines,
370 2891 552 2958 durantibus
579 2889 870 2972 deliberationibus,
903 2913 942 2957 ne
971 2891 1110 2961 inducias

126 3031 260 3126 quidem
287 3030 429 3097 obtinere
448 3040 626 3119 potuerunt.
673 3026 778 3117 Atque
796 3027 867 3094 satis
888 3029 1053 3119 apparuit,
1077 3032 1116 3097 in·

124 3171 178 3238 his
204 3166 481 3236 deliberationibus
504 3164 588 3230 idem
613 3186 677 3230 esse
697 3165 789 3255 Regis
808 3166 1000 3256 propositum
1012 3217 1022 3250 ,
1047 3193 1108 3260 quo

128 3320 221 3375 antea
249 3304 427 3374 Pacificatio
455 3301 663 3372 (landavensis
688 3325 705 3366 a
733 3303 854 3370 Joenne
872 3302 1033 3372 luniaco
1051 3329 1109 3373 ac-

131 3459 224 3537 cepta
257 3458 288 3512 et
316 3467 334 3508 a
363 3443 446 3532 Rege
465 3440 579 3508 sancita
597 3451 685 3520 erat,
708 3439 857 3506 nimirum
875 3455 910 3508 ut
927 3441 1009 3510 inter
1027 3445 1108 3511 Pro-

130 3583 246 3651 rinoias
274 3578 446 3648 discordiae
473 3577 588 3645 semina
617 3588 770 3666 spargeret
790 3578 873 3666 (31).
922 3577 1011 3663 Quod
1030 3578 1108 3645 adeo

131 3720 192 3813 ipsi
215 3742 250 3787 er
273 3731 343 3786 roto
366 3715 520 3785 suecessit.

142 3931 497 3950 mnu—m

162 4073 220 4142 (³0)
237 4075 308 4134 Bor,
327 4074 354 4122 L
372 4072 451 4131 xm,
471 4071 490 4123 l.
512 4067 560 4118 136
576 4068 607 4117 Α.
624 4081 681 4131 sqq.

165 4163 222 4229 (31)
240 4178 285 4214 son
303 4163 330 4214 l..
350 4161 413 4210 x111
431 4161 450 4210 l.
472 4157 520 4210 147
538 4159 569 4210 Δ.
589 4171 646 4220 sqq.
