2754 4818
727 415 768 477 to

254 649 372 716 ciarum
390 645 584 736 Belgicarum
593 642 936 709 marimecuracfuerat
947 691 956 722 ,
967 663 1235 735 esscprcssurum.

253 785 319 871 Qua
346 794 473 875 propter
501 803 532 847 se
555 780 658 872 primo
684 803 809 871 quoquc
827 793 967 873 tempore
986 783 1235 866 commissarios,

248 943 306 986 nec
325 942 386 985 nou
405 917 564 1008 Principes
577 918 674 984 saneti
684 917 813 1009 Imperii
824 916 1076 1009 designatarum,
1101 921 1156 1010 qui
1166 924 1234 1012 ejus

250 1057 375 1124 nomine
402 1056 449 1122 rei
478 1055 619 1146 Belgicae
645 1056 858 1122 tractationem
878 1057 1082 1147 susciperent:
1104 1071 1157 1141 ut,
1182 1082 1237 1125 su-

249 1195 340 1262 blatis
358 1206 501 1261 motuum
519 1194 635 1272 causis,
660 1193 762 1259 omnia
779 1193 819 1260 ad
837 1193 1092 1283 tranquillitatem
1102 1193 1237 1262 reduce-

249 1344 367 1400 rentur.
391 1329 522 1398 Interim
541 1327 673 1398 Ordines
690 1330 872 1423 patientiam
889 1343 921 1398 et
936 1331 1075 1422 quietem
1092 1355 1238 1415 serrare,

255 1468 430 1538 admonuit.

296 1605 364 1672 Nec
392 1604 487 1671 rerba
507 1605 617 1671 effectu
638 1616 821 1685 caruerunt,
844 1621 942 1695 quum
961 1603 1014 1670 die
1033 1610 1075 1673 30
1093 1605 1171 1675 Dec.
1188 1607 1237 1672 lc-

250 1741 315 1832 gati
342 1741 542 1832 Imperatoris
563 1742 595 1806 in
622 1754 746 1808 coetum
766 1739 920 1809 Ordiuurn
947 1743 1088 1810 renerint
1114 1742 1235 1810 litteras

250 1876 316 1944 diei
344 1877 463 1946 7Nor.
488 1875 674 1956 offerentes,
695 1875 808 1965 rpribus
816 1875 863 1963 (6)
887 1876 1063 1966 Imperator
1079 1878 1234 1946 interces·
1316 1931 1320 1936 -

252 2016 372 2084 sionem
400 2035 487 2083 suam
513 2012 659 2080 offerebat
687 2011 894 2080 conventionis
914 2035 986 2079 cum
1004 2014 1125 2081 Joanne
1144 2020 1231 2084 dus-

251 2154 350 2222 triaco
369 2150 524 2220 ineundae
541 2151 661 2242 gratii,
680 2151 735 2241 qui
754 2150 888 2216 muitum
898 2151 941 2218 ita
950 2151 991 2218 ad
1001 2151 1147 2221 Edictum
1157 2175 1235 2244 per-

250 2304 380 2381 petuum
400 2288 627 2355 conficiendum
646 2287 842 2354 contulerunt
867 2288 928 2377 (7).

296 2425 427 2492 Interim
455 2423 585 2492 Ordines
616 2425 779 2492 Generales
798 2424 850 2490 die
871 2431 889 2492 5
910 2426 987 2493 Dec.
1012 2430 1097 2493 1576
1116 2426 1234 2494 litteras

251 2561 417 2628 mittendas
431 2560 634 2628 decreverunt
652 2559 692 2626 ad
710 2561 890 2628 concionem
909 2563 1017 2630 circuli
1026 2563 1234 2655 Westphalici

254 2701 384 2791 quibus,
401 2699 597 2790 Principibus
609 2711 683 2765 tuuc
692 2701 899 2790 congregatis,
911 2722 1013 2767 rerum
1026 2702 1235 2792 praesentium

252 2838 460 2906 conditionem
489 2851 686 2928 exponerent.
742 2837 852 2928 Itaque
881 2839 929 2926 (8)
959 2839 1135 2907 narratione
1153 2840 1233 2908 facta

253 2998 381 3058 eorum,
412 2999 491 3066 quae
524 2975 603 3066 passi
624 2987 727 3056 eraut,
750 2975 818 3042 illos
838 2975 958 3065 proprii
976 2977 1108 3066 periculi
1128 2977 1233 3042 immi-

248 3115 349 3180 nentis
376 3111 531 3177 recordari
553 3113 689 3196 faciunt,
709 3112 849 3202 exemplo
868 3112 1026 3180 afferentes
1045 3112 1122 3203 quid
1140 3114 1231 3204 Epis·

250 3247 375 3336 copatui
394 3247 557 3312 Leodicnsi
569 3249 636 3336 jam
656 3248 783 3314 audaciai
800 3249 1007 3340 Hispanorum
1018 3250 1230 3318 seditiosorum

250 3383 491 3472 supervenisset,
516 3383 739 3474 Principesquc
758 3401 901 3470 exorant,
921 3402 954 3455 ut
974 3390 1132 3456 communi
1147 3412 1232 3455 com·

248 3518 342 3585 modo
360 3520 440 3585 benc
458 3521 635 3603 consulant,
647 3545 745 3588 omne
763 3524 910 3591 auxilium
931 3527 970 3591 ab
988 3532 1066 3594 istis
1081 3528 1232 3594 desidia-

271 3921 1001 3994 &BmmmmdQqudpssffldst

280 4011 320 4074 (7)
337 4014 407 4069 Bou,
428 4014 454 4061 t.
474 4015 503 4063 X.
523 4015 543 4066 t'.
562 4015 612 4064 211
632 4018 654 4065 A
673 4023 700 4066 at
719 4017 765 4066 221
786 4035 858 4083 seqq.

277 4101 315 4167 (8)
335 4102 475 4152 Besluitmr
493 4121 545 4155 aun
563 4107 594 4155 de
614 4107 708 4158 Stetere
734 4110 807 4161 Gen.
828 4111 849 4163 1.
868 4129 893 4178 p.
910 4113 970 4164 342.
