2762 4814
754 425 796 488 98

340 646 557 726 emisimum'
567 655 711 747 colligere
728 655 910 745 pleraequae
920 652 1101 720 Provinciae
1110 654 1267 745 probave-

291 809 381 876 rant,
413 807 461 861 uta
488 807 639 890 patetter
667 793 791 859 decreto
811 792 842 860 d.
864 797 883 857 3
904 793 983 860 Nor.
1008 794 1109 860 1577.
1159 791 1266 881 Legati

286 955 359 1000 vero
396 932 627 1000 Provinciarum
655 931 734 998 lille
741 979 752 1012 ,
790 930 910 1010 Duaoi,
941 927 1064 996 Orchisi
1099 927 1268 998 deficiente

290 1069 437 1138 mandato
456 1092 532 1148 suo,
553 1068 769 1135 auctoritatam
789 1065 921 1134 Consilii
939 1067 1044 1136 Status
1061 1066 1269 1150 invocarunt,

288 1221 323 1275 ut
340 1209 439 1274 missis
455 1207 584 1288 littaris,
613 1205 766 1273 tributum
784 1205 881 1273 bocca
898 1203 937 1270 ab
950 1202 1123 1272 Ordinibus
1132 1204 1270 1272 Provin-

287 1345 418 1412 cialibus
446 1357 585 1436 peterent
615 1344 759 1433 (Μίνω
782 1343 823 1408 da
843 1345 1044 1434 rdquisa‘tion
1063 1343 1109 1408 du
1132 1342 1268 1412 consec

290 1483 415 1550 adrat
426 1483 514 1570 ,ofin
523 1483 564 1548 de
572 1506 607 1550 se
615 1482 829 1572 conformeris
839 1483 875 1548 Ia
889 1479 1086 1549 Gaaaalite‘
1096 1479 1137 1546 de
1145 1481 1265 1546 locon·

286 1621 445 1685 tn'badion
463 1621 507 1684 du
533 1613 739 1708 Caiatia-rme).

335 1755 446 1822 Dictae
475 1767 580 1821 tamen
607 1715 806 1837 Piovinciae,
829 1754 914 1846 adigi
932 1767 1053 1824 tantum
1070 1767 1263 1844 potuerunt,

288 1906 324 1960 nt
346 1893 427 1960 facti
444 1893 640 1984 stipulatione
665 1905 781 1959 certam
799 1893 949 1983 pessimae
965 1913 1117 1958 summam
1135 1890 1266 1958 centesi-

285 2053 373 2097 mam
406 2031 681 2122 aequiparantem,
712 2042 925 2121 praestarent3
961 2051 1056 2119 quam
1084 2025 1261 2096 Concilium

286 2168 391 2237 Status
412 2183 573 2259 acceptam
596 2191 627 2236 sa
650 2169 731 2234 ferre
753 2167 901 2234 fateretur
924 2165 1007 2254 (92).

331 2303 492 2392 Ejusmodi
518 2303 733 2389 conventiones
760 2303 854 2370 etiam
882 2303 977 2369 initae
1005 2316 1078 2369 sont
1103 2325 1173 2370 cnm
1194 2303 1262 2375 aliis

284 2439 454 2508 Provinciis
482 2437 564 2526 (93).
611 2437 650 2504 In
677 2461 711 2504 re
738 2440 909 2506 monetaria
937 2439 1070 2508 Ordines
1096 2441 1256 2512 Generalos
1284 2479 1286 2484 ·
1362 2537 1363 2542 γ

285 2579 380 2647 otiam
415 2578 533 2668 aliquot
559 2576 701 2643 lecerunt
730 2547 943 2666 dispositiones
972 2577 1013 2643 ad
1033 2578 1131 2645 varios
1149 2578 1259 2646 abusus

285 2713 436 2786 tollendos
462 2739 493 2786 v.
518 2737 547 2784 c.
566 2714 618 2780 dic
639 2717 677 2780 31
698 2714 770 2783 Jan.
790 2725 911 2805 tempus
929 2714 1082 2783 deliniunt
1100 2739 1158 2806 per
1176 2715 1277 2814 qaod*

283 2855 404 2922 nummi
433 2854 465 2918 in
485 2855 605 2922 Franco
624 2852 724 2920 Gallia
743 2853 902 2942 percussi,
923 2853 1042 2943 erogari
1059 2851 1164 2920 adhuc
1182 2877 1256 2945 pos·

257 3004 371 3073 'sent,
404 2989 514 3059 eodem
543 2989 595 3057 die
629 2988 775 3072 modum,
806 2991 957 3080 pecuniae
985 2991 1193 3058 aestimandae
1223 2991 1255 3057 in

282 3128 450 3194 Ilollandia
469 3131 504 3194 'et
528 3126 692 3195 Zeelandia
714 3141 874 3218 receptum
899 3141 1035 3198 statuant
1057 3129 1158 3220 sequi.

330 3264 463 3329 Tabulas
478 3286 496 3327 a
511 3264 637 3352 singolis
648 3265 815 3354 provinciis
825 3264 980 3332 faciendas
991 3266 1160 3335 decernunt
1171 3267 1248 3357 (94),

283 3398 396 3491 quibus
417 3419 558 3488 quaeque
574 3397 765 3479 declararet,
789 3400 865 3491 quid
885 3401 947 3470 huc
966 3426 1064 3494 usqne
1081 3405 1121 3471 ad
1136 3427 1250 3495 erpen-

282 3658 616 3674 u-——nu—-v--nu-

309 3839 367 3906 (92)
386 3840 445 3890 llas.
477 3840 574 3889 dierum
601 3838 642 3890 ll.
667 3835 707 3887 17.
729 3837 763 3886 20
781 3837 838 3887 Jan.
855 3842 882 3887 et
902 3838 929 3886 ll
949 3839 1022 3890 Febr.
1045 3836 1121 3896 1577.
1143 3843 1169 3892 in
1190 3843 1252 3895 Bul.

389 3934 437 3981 der
454 3933 547 3980 Straton
567 3931 643 3982 Gaul.
664 3931 684 3979 D
702 3930 737 3980 ll.
758 3945 783 3994 p.
804 3928 989 3995 15-2801p.
1009 3930 1054 3983 77.

310 4023 367 4088 (93)
385 4023 445 4072 Ilva.
466 4023 491 4072 d.
509 4023 543 4071 28
562 4026 589 4071 st
608 4023 642 4070 30
659 4023 715 4070 lou.
735 4020 827 4069 ibidem
844 4037 869 4085 p.
890 4020 924 4070 42
940 4028 967 4070 et
983 4022 1026 4075 48.

308 4113 365 4178 (94)
384 4112 444 4165 Ros.
463 4113 480 4162 2
497 4113 522 4161 d.
540 4111 573 4160 24
588 4109 660 4161 Febr.
685 4111 752 4163 1577
768 4111 859 4160 ibidcnr
877 4129 903 4178 p.
925 4113 983 4164 109.
