2762 4814
757 417 800 480 96

297 649 443 718 ministris
471 659 653 739 potestatem
681 645 848 726 iacientes,
876 644 1033 712 cambium
1050 643 1280 731 contrabendi;

250 829 253 836 ,
295 787 387 855 editis
409 785 648 876 obligationibus
674 785 707 850 in
735 807 811 851 onus
834 781 1085 861 Provinciamm,
1105 805 1163 873 per
1181 781 1281 852 ordi-¹

295 945 349 991 nes
383 935 677 1014 repraesentaturum
706 922 790 1012 (86).
841 921 951 1010 Neque
979 919 1012 986 in
1041 921 1094 987 illo
1126 923 1277 1012 conquie-

295 1072 424 1142 verunt,
457 1059 511 1128 sed
537 1062 685 1150 majorem
713 1061 807 1126 etiam
833 1059 1049 1127 auctoritatem
1072 1073 1275 1148 usurpantes,

295 1200 507 1290 imperarunt,
539 1199 750 1290 quaestoribus
779 1193 966 1288 butrerpiae
993 1195 1169 1264 reductioni
1187 1197 1277 1264 redi-

296 1351 385 1404 tuum
406 1337 588 1426 (seduction
607 1337 665 1404 dea
683 1335 804 1425 rentes)
823 1333 1009 1426 praesectis,
1033 1334 1106 1402 item
1121 1334 1187 1401 aliis
1205 1337 1280 1404 fisci

296 1473 616 1556 administratoribus,
640 1495 763 1543 ornnem
784 1493 936 1540 summam
953 1486 1093 1563 paratam
1111 1473 1276 1540 transmit-

294 1626 360 1678 tere
371 1612 453 1701 (87).

340 1747 436 1814 Porro
463 1763 590 1840 urgente
614 1713 758 1841 'praeside
780 1747 913 1818 canenti
928 1751 1087 1840 supremi,
1106 1750 1188 1816 inire
1206 1763 1275 1818 sta-

295 1897 385 1953 tuunt
414 1899 588 1954 contractus
616 1885 656 1952 ad
683 1887 799 1968 uitam,
830 1885 906 1954 dum
932 1886 1068 1977 singulae
1095 1887 1275 1954 Provinciae

235 1995 238 2004 ³
297 2022 471 2114 obligentur
499 2024 580 2092 intra
610 2022 843 2116 quatuordecim
871 2021 958 2106 dies,
987 2037 1034 2092 ter
1052 2026 1168 2092 centies
1187 2027 1274 2094 mille

295 2159 425 2229 florenos
441 2175 595 2252 praestare
614 2162 699 2251 (88).

343 2297 403 2362 Die
415 2301 458 2363 30
468 2295 538 2366 Oct.
550 2277 632 2366 bona
641 2299 850 2389 Hispanorum
860 2301 1273 2392 publicarijubeut,imme-

295 2453 397 2498 mores
417 2431 514 2499 edicti
532 2433 565 2502 d.
588 2433 703 2518 root,
720 2461 781 2527 quo
796 2439 855 2529 ipsi
867 2436 1275 2531 ConciliumStntusadege-

175 2569 180 2578 “
296 2582 365 2637 rant
376 2619 387 2650 ,
408 2569 440 2636 in
450 2584 606 2662 posterum
616 2574 840 2665 publicationes
849 2574 1044 2668 suspendere.
1090 2577 1209 2644 Pariter
1218 2601 1273 2668 pe-

296 2710 419 2777 cuniam
436 2733 455 2776 e
471 2710 561 2778 bonis
574 2711 667 2804 regiis
681 2713 838 2780 reductam
851 2713 999 2782 adbibere
1010 2713 1183 2783 decernunt
1192 2717 1270 2806 (89).

341 2848 446 2939 Atque
473 2848 517 2917 ita
535 2872 583 2916 res
601 2850 778 2942 pecuniaria
796 2853 894 2943 magis
912 2853 983 2942 apti
1001 2853 1121 2920 ratione
1138 2853 1270 2922 ordinari

295 2987 417 3077 coepit;
452 3009 545 3077 quern
562 2988 595 3054 in
614 2987 731 3070 finem,
751 2990 862 3057 aerarii
888 2991 1081 3060 Praefectum
1094 2993 1211 3083 jubent
1224 3005 1268 3062 ta-

314 3250 637 3266 Ἣ

321 3453 380 3522 (86)
397 3452 518 3504 Videatur
555 3455 711 3509 instruction
745 3477 809 3528 pour
837 3465 912 3516 oeulx
945 3469 991 3532 qui
1019 3474 1106 3519 aeront
1130 3469 1230 3544 commit
1256 3468 1272 3519 d

401 3544 426 3594 le
453 3544 524 3596 leude
544 3538 595 3596 ‘dea
611 3547 710 3600 deniert
728 3557 873 3620 comptam,
901 3560 947 3623 qui
965 3575 992 3609 ee
1008 3564 1131 3627 pourrant
1146 3561 1272 3628 pratiquer

401 3634 446 3686 dee
469 3635 614 3688 inhabitant
638 3655 702 3705 pour
728 3644 829 3696 sarisber
856 3648 915 3697 eulx
940 3649 1030 3711 Elaia,
1060 3649 1191 3703 di’effect
1206 3651 1272 3702 dela

400 3725 540 3776 resolution
563 3743 607 3777 cur
626 3728 651 3778 la
679 3733 839 3797 pacification
865 3741 893 3788 et
918 3741 1039 3794 retraicte
1056 3741 1100 3794 dea
1117 3743 1268 3810 Etpaignob.

400 3813 436 3864 Ira
454 3813 570 3868 Baetasii.
589 3820 637 3868 der
652 3819 723 3874 Stat.
744 3824 810 3877 Gerr.
827 3826 859 3877 l).
876 3828 899 3882 1.
920 3847 948 3896 p.

319 3899 376 3967 (87)
392 3901 453 3953 tter.
471 3903 496 3954 d.
514 3905 531 3955 4
548 3908 606 3959 eat.
626 3908 718 3960 ibidem
735 3928 761 3977 p.
778 3915 822 3967 20.

316 3989 376 4058 (88)
391 3989 452 4042 Rea.
472 3993 498 4046 d.
516 3995 552 4046 23
569 3999 628 4050 Oct.
647 3999 741 4053 ibidem
755 4019 781 4072 p.
800 4004 844 4057 67.

318 4081 378 4147 (89)
394 4081 455 4135 tros.
474 4083 499 4135 d.
515 4083 550 4138 27
567 4089 629 4140 lior.
651 4089 742 4143 ibidem
757 4110 783 4160 p.
802 4092 844 4146 78.
