2762 4814
600 463 640 526 97

129 685 220 756 bulas
237 697 439 779 expensarum
457 690 632 772 conficere3
654 693 757 782 quales
776 693 932 768 confectae
936 693 1002 784 jam
1013 704 1100 761 erant

126 835 271 916 tempore
287 823 392 894 Caroli
407 827 447 898 V.

175 961 236 1029 Die
265 965 306 1029 16
335 964 415 1034 Nor.
448 963 616 1031 deoernnnt
640 963 792 1046 Ordines,
811 966 1019 1056 propositione
1043 990 1100 1058 ge-

125 1098 227 1165 nerali
254 1102 400 1190 concepti
411 1149 421 1182 ,
440 1124 497 1192 per
524 1123 629 1169 omnes
644 1103 820 1171 Provincias
840 1103 956 1170 tributa
976 1103 1100 1192 colligi3
1137 1149 1143 1156 -

40 1307 43 1310 .
125 1257 223 1326 quam
252 1239 292 1304 ob
320 1260 408 1320 rem,
437 1239 651 1330 inposterum
678 1242 908 1308 Provinciarnm
927 1240 1105 1331 opinionem

126 1374 345 1464 explorandam
363 1389 500 1444 statuunt
511 1426 521 1458 ,
545 1400 582 1446 eo
600 1400 673 1444 num
691 1379 800 1446 effeotn
819 1376 1106 1469 unjamdiedliee.
1182 1454 1184 1458 Ι
1254 1431 1257 1439 ,

124 1509 274 1594 decreta,
293 1512 353 1580 hae
372 1513 411 1581 de
430 1537 464 1581 re
481 1515 607 1581 nomine
622 1517 717 1606 Regis
731 1517 810 1598 lata,
826 1516 858 1582 in
868 1514 1037 1583 Provinciis
1046 1539 1102 1582 er-

126 1651 280 1718 secationi
300 1651 382 1718 tradi
398 1665 533 1744 possent.

170 1787 266 1878 Apud
287 1795 404 1856 exteros
422 1813 471 1856 aes
490 1789 625 1856 alienum
642 1757 805 1857 mutuandi
815 1840 825 1871 ‚
835 1789 1102 1881 perieulumiene-

123 1933 201 1988 runt
229 1920 280 1987 die
303 1923 370 2010 jam
398 1919 506 1990 500t.
527 1921 651 2012 qnando
670 1924 808 2013 legatum
836 1946 873 1991 eo
901 1945 992 2012 soopo
1012 1921 1103 1988 Golo-

122 2058 210 2123 niam
251 2057 454 2148 Agrippinam
482 2059 644 2128 miserunt.
691 2057 811 2125 Eodem
842 2055 1103 2124 tenduntnomi-

122 2207 232 2261 nantes
255 2194 410 2285 aliquem,
444 2195 499 2285 qni
529 2217 598 2262 oum
622 2196 740 2284 Regina
768 2194 898 2285 Angliae
926 2195 1111 2285 paciscere-¹*

122 2345 198 2411 tor,
223 2332 299 2421 (90)Ι
316 2345 409 2423 atque
428 2331 524 2415 iilud,
548 2355 620 2400 enm
638 2333 691 2400 illo
710 2333 821 2400 effectu
841 2345 876 2398 nt
894 2353 964 2398 mox
982 2354 1018 2398 ex
1037 2333 1103 2400 Απ-

120 2468 184 2558 giia
202 2469 311 2559 viginti
330 2471 428 2536 millia
448 2470 615 2537 Librarum
630 2470 678 2540 St.
696 2471 787 2538 missa
804 2470 883 2552 sint;
910 2468 1016 2537 addita
1029 2493 1103 2560 pro-

118 2605 265 2671 missione
281 2581 361 2670 na'no
381 2629 533 2672 sunnam
551 2606 591 2671 aa
612 2606 1099 2694 100mnmn.st.au0tumin;

120 2741 244 2832 primae
270 2763 406 2806 summae
446 2739 578 2808 Ordines
624 2740 675 2806 die
712 2745 751 2807 17
793 2741 888 2809 Febr.
925 2745 1008 2809 1777
1043 2740 1104 2806 de-

122 2878 236 2944 deront
263 2875 414 2968 apocham
442 2890 535 2968 atque
554 2878 586 2943 in
607 2879 802 2944 securitatem
822 2877 922 2944 debiti
942 2901 992 2944 sex
1011 2878 1103 2944 nrbes

122 3037 188 3082 sese
217 3014 355 3106 obligare
368 3015 504 3104 jubent,
529 3039 603 3106 quas
621 3015 757 3082 vicissim
776 3013 908 3083 Ordines
928 3038 960 3082 se
978 3012 1101 3080 indem-

119 3175 176 3219 nes
194 3165 362 3219 serraturos
389 3173 454 3220 esse
482 3153 667 3242 promittunt
694 3151 777 3242 (91).

150 3585 208 3653 (96)
225 3587 286 3637 Rea.
303 3587 329 3638 d.
354 3589 384 3638 76
403 3591 452 3640 Οοί
471 3593 499 3638 et
514 3590 531 3638 3
544 3590 605 3639 Deo.
628 3589 693 3640 1576
711 3591 737 3638 in
756 3591 826 3639 Bosl.
848 3592 895 3640 dor
912 3591 1006 3639 Sionem
1027 3591 1103 3639 Geni.

229 3679 283 3730 nl.
295 3695 321 3744 p.
340 3678 375 3728 45
391 3687 418 3730 et
439 3680 485 3728 166
503 3685 530 3730 et
547 3695 666 3730 excursno
684 3680 715 3728 ad
736 3679 803 3730 diem
819 3681 852 3728 26
871 3683 932 3729 Deo,
952 3680 1003 3728 ibid
1013 3698 1037 3745 p.
1051 3681 1103 3731 335

230 3785 242 3818 o
281 3803 287 3816 .

149 3857 207 3925 (91)
225 3784 282 3910 vid.
301 3877 348 3911 ron
374 3861 418 3909 xl.
441 3861 459 3910 f.
481 3861 531 3910 306
551 3863 578 3910 B.
616 3877 630 3906 a
643 3859 759 3908 Briooeo
779 3875 831 3907 oon
852 3859 1031 3926 indemniioyt
1051 3878 1104 3912 oon

231 3952 287 4000 »de
315 3951 427 4010 Sindon,
458 3953 576 4001 oorioone
597 3966 648 4000 oen
665 3951 697 3998 do
716 3966 756 3998 aes
772 3953 863 3999 sindon
879 3952 924 4001 dio
944 3953 1022 4002 donoro
1041 3969 1100 4002 orr-

231 4043 427 4092 »danedrs'eoen
451 4044 546 4092 naboon
568 4043 736 4108 odoposoeert
760 4048 798 4090 lot
816 4042 981 4110 dodorffoon
1000 4045 1031 4092 do
1053 4043 1100 4091 Co·
1197 4040 1199 4045 ’

230 4149 245 4179 o
254 4134 393 4196 oinqinne.

946 4255 963 4313 7
